%YAML 1.1
%TAG !u! tag:unity3d.com,2011:
--- !u!29 &1
OcclusionCullingSettings:
  m_ObjectHideFlags: 0
  serializedVersion: 2
  m_OcclusionBakeSettings:
    smallestOccluder: 5
    smallestHole: 0.25
    backfaceThreshold: 100
  m_SceneGUID: 00000000000000000000000000000000
  m_OcclusionCullingData: {fileID: 0}
--- !u!104 &2
RenderSettings:
  m_ObjectHideFlags: 0
  serializedVersion: 8
  m_Fog: 0
  m_FogColor: {r: 0.5, g: 0.5, b: 0.5, a: 1}
  m_FogMode: 3
  m_FogDensity: 0.01
  m_LinearFogStart: 0
  m_LinearFogEnd: 300
  m_AmbientSkyColor: {r: 1, g: 1, b: 1, a: 1}
  m_AmbientEquatorColor: {r: 0.114, g: 0.125, b: 0.133, a: 1}
  m_AmbientGroundColor: {r: 0.047, g: 0.043, b: 0.035, a: 1}
  m_AmbientIntensity: 1
  m_AmbientMode: 0
  m_SubtractiveShadowColor: {r: 0.42, g: 0.478, b: 0.627, a: 1}
  m_SkyboxMaterial: {fileID: 0}
  m_HaloStrength: 0.5
  m_FlareStrength: 1
  m_FlareFadeSpeed: 3
  m_HaloTexture: {fileID: 0}
  m_SpotCookie: {fileID: 10001, guid: 0000000000000000e000000000000000, type: 0}
  m_DefaultReflectionMode: 0
  m_DefaultReflectionResolution: 128
  m_ReflectionBounces: 1
  m_ReflectionIntensity: 1
  m_CustomReflection: {fileID: 0}
  m_Sun: {fileID: 0}
  m_IndirectSpecularColor: {r: 0, g: 0, b: 0, a: 1}
--- !u!157 &3
LightmapSettings:
  m_ObjectHideFlags: 0
  serializedVersion: 11
  m_GIWorkflowMode: 0
  m_GISettings:
    serializedVersion: 2
    m_BounceScale: 1
    m_IndirectOutputScale: 1
    m_AlbedoBoost: 1
    m_TemporalCoherenceThreshold: 1
    m_EnvironmentLightingMode: 0
    m_EnableBakedLightmaps: 1
    m_EnableRealtimeLightmaps: 0
  m_LightmapEditorSettings:
    serializedVersion: 9
    m_Resolution: 2
    m_BakeResolution: 40
    m_TextureWidth: 1024
    m_TextureHeight: 1024
    m_AO: 0
    m_AOMaxDistance: 1
    m_CompAOExponent: 1
    m_CompAOExponentDirect: 0
    m_Padding: 2
    m_LightmapParameters: {fileID: 0}
    m_LightmapsBakeMode: 1
    m_TextureCompression: 1
    m_FinalGather: 0
    m_FinalGatherFiltering: 1
    m_FinalGatherRayCount: 256
    m_ReflectionCompression: 2
    m_MixedBakeMode: 2
    m_BakeBackend: 0
    m_PVRSampling: 1
    m_PVRDirectSampleCount: 32
    m_PVRSampleCount: 500
    m_PVRBounces: 2
    m_PVRFilterTypeDirect: 0
    m_PVRFilterTypeIndirect: 0
    m_PVRFilterTypeAO: 0
    m_PVRFilteringMode: 1
    m_PVRCulling: 1
    m_PVRFilteringGaussRadiusDirect: 1
    m_PVRFilteringGaussRadiusIndirect: 5
    m_PVRFilteringGaussRadiusAO: 2
    m_PVRFilteringAtrousPositionSigmaDirect: 0.5
    m_PVRFilteringAtrousPositionSigmaIndirect: 2
    m_PVRFilteringAtrousPositionSigmaAO: 1
  m_LightingDataAsset: {fileID: 0}
  m_UseShadowmask: 1
--- !u!196 &4
NavMeshSettings:
  serializedVersion: 2
  m_ObjectHideFlags: 0
  m_BuildSettings:
    serializedVersion: 2
    agentTypeID: 0
    agentRadius: 0.5
    agentHeight: 2
    agentSlope: 45
    agentClimb: 0.4
    ledgeDropHeight: 0
    maxJumpAcrossDistance: 0
    minRegionArea: 2
    manualCellSize: 0
    cellSize: 0.16666667
    manualTileSize: 0
    tileSize: 256
    accuratePlacement: 0
    debug:
      m_Flags: 0
  m_NavMeshData: {fileID: 0}
--- !u!1 &112339005
GameObject:
  m_ObjectHideFlags: 0
  m_PrefabParentObject: {fileID: 0}
  m_PrefabInternal: {fileID: 0}
  serializedVersion: 5
  m_Component:
  - component: {fileID: 112339006}
  - component: {fileID: 112339007}
  m_Layer: 0
  m_Name: SceneManager
  m_TagString: Untagged
  m_Icon: {fileID: 3936346786652291628, guid: 0000000000000000d000000000000000, type: 0}
  m_NavMeshLayer: 0
  m_StaticEditorFlags: 0
  m_IsActive: 1
--- !u!4 &112339006
Transform:
  m_ObjectHideFlags: 0
  m_PrefabParentObject: {fileID: 0}
  m_PrefabInternal: {fileID: 0}
  m_GameObject: {fileID: 112339005}
  m_LocalRotation: {x: 0, y: 0, z: 0, w: 1}
  m_LocalPosition: {x: 0, y: 0, z: 0}
  m_LocalScale: {x: 1, y: 1, z: 1}
  m_Children: []
  m_Father: {fileID: 0}
  m_RootOrder: 5
  m_LocalEulerAnglesHint: {x: 0, y: 0, z: 0}
--- !u!114 &112339007
MonoBehaviour:
  m_ObjectHideFlags: 0
  m_PrefabParentObject: {fileID: 0}
  m_PrefabInternal: {fileID: 0}
  m_GameObject: {fileID: 112339005}
  m_Enabled: 1
  m_EditorHideFlags: 0
  m_Script: {fileID: 11500000, guid: 4d6bbb515b6b546759d49c5716f13746, type: 3}
  m_Name: 
  m_EditorClassIdentifier: 
  scene:
  - {fileID: 264226158}
  - {fileID: 0}
  - {fileID: 264226157}
--- !u!4 &264226156
Transform:
  m_ObjectHideFlags: 0
  m_PrefabParentObject: {fileID: 4245686866927654, guid: 8ecfb59df50314c488c3cff8043f9bb1,
    type: 2}
  m_PrefabInternal: {fileID: 0}
  m_GameObject: {fileID: 998991147}
  m_LocalRotation: {x: 0, y: 0, z: 0, w: 1}
  m_LocalPosition: {x: 0, y: 1.2, z: 18}
  m_LocalScale: {x: 0.1, y: 0.1, z: 0.1}
  m_Children:
  - {fileID: 860120205}
  - {fileID: 264226160}
  - {fileID: 264226159}
  - {fileID: 392901339}
  - {fileID: 1103167954}
  - {fileID: 2016410177}
  - {fileID: 1927361848}
  m_Father: {fileID: 0}
  m_RootOrder: 0
  m_LocalEulerAnglesHint: {x: 0, y: 0, z: 0}
--- !u!1 &264226157 stripped
GameObject:
  m_PrefabParentObject: {fileID: 1781398287189496, guid: ab43550e46f6cf746874499469adc360,
    type: 2}
  m_PrefabInternal: {fileID: 1954390474}
--- !u!1 &264226158
GameObject:
  m_ObjectHideFlags: 0
  m_PrefabParentObject: {fileID: 1431979199139048, guid: 8ecfb59df50314c488c3cff8043f9bb1,
    type: 2}
  m_PrefabInternal: {fileID: 0}
  serializedVersion: 5
  m_Component:
  - component: {fileID: 264226160}
  m_Layer: 0
  m_Name: regulate cylinder 1mx1m
  m_TagString: Untagged
  m_Icon: {fileID: 0}
  m_NavMeshLayer: 0
  m_StaticEditorFlags: 0
  m_IsActive: 1
--- !u!4 &264226159 stripped
Transform:
  m_PrefabParentObject: {fileID: 4097511174415180, guid: ab43550e46f6cf746874499469adc360,
    type: 2}
  m_PrefabInternal: {fileID: 1954390474}
--- !u!4 &264226160
Transform:
  m_ObjectHideFlags: 0
  m_PrefabParentObject: {fileID: 4152652060572706, guid: 8ecfb59df50314c488c3cff8043f9bb1,
    type: 2}
  m_PrefabInternal: {fileID: 0}
  m_GameObject: {fileID: 264226158}
  m_LocalRotation: {x: -0, y: -0, z: -0, w: 1}
  m_LocalPosition: {x: 0, y: 0, z: 0}
  m_LocalScale: {x: 1, y: 1, z: 1}
  m_Children:
  - {fileID: 1978912675}
  - {fileID: 923773247}
  m_Father: {fileID: 264226156}
  m_RootOrder: 1
  m_LocalEulerAnglesHint: {x: 0, y: 0, z: 0}
--- !u!1001 &268247290
Prefab:
  m_ObjectHideFlags: 0
  serializedVersion: 2
  m_Modification:
    m_TransformParent: {fileID: 0}
    m_Modifications:
    - target: {fileID: 4792752461662870, guid: f633b2ff944d9504fa05fc9afbcdf25e, type: 2}
      propertyPath: m_LocalPosition.x
      value: 0
      objectReference: {fileID: 0}
    - target: {fileID: 4792752461662870, guid: f633b2ff944d9504fa05fc9afbcdf25e, type: 2}
      propertyPath: m_LocalPosition.y
      value: 1
      objectReference: {fileID: 0}
    - target: {fileID: 4792752461662870, guid: f633b2ff944d9504fa05fc9afbcdf25e, type: 2}
      propertyPath: m_LocalPosition.z
      value: 0
      objectReference: {fileID: 0}
    - target: {fileID: 4792752461662870, guid: f633b2ff944d9504fa05fc9afbcdf25e, type: 2}
      propertyPath: m_LocalRotation.x
      value: -0
      objectReference: {fileID: 0}
    - target: {fileID: 4792752461662870, guid: f633b2ff944d9504fa05fc9afbcdf25e, type: 2}
      propertyPath: m_LocalRotation.y
      value: -0
      objectReference: {fileID: 0}
    - target: {fileID: 4792752461662870, guid: f633b2ff944d9504fa05fc9afbcdf25e, type: 2}
      propertyPath: m_LocalRotation.z
      value: -0
      objectReference: {fileID: 0}
    - target: {fileID: 4792752461662870, guid: f633b2ff944d9504fa05fc9afbcdf25e, type: 2}
      propertyPath: m_LocalRotation.w
      value: 1
      objectReference: {fileID: 0}
    - target: {fileID: 4792752461662870, guid: f633b2ff944d9504fa05fc9afbcdf25e, type: 2}
      propertyPath: m_RootOrder
      value: 2
      objectReference: {fileID: 0}
    - target: {fileID: 114727635247992870, guid: f633b2ff944d9504fa05fc9afbcdf25e,
        type: 2}
      propertyPath: TrackedNodes.Array.data[0]
      value: 
      objectReference: {fileID: 1543633398}
    - target: {fileID: 114727635247992870, guid: f633b2ff944d9504fa05fc9afbcdf25e,
        type: 2}
      propertyPath: TrackedNodes.Array.data[1]
      value: 
      objectReference: {fileID: 773950452}
    - target: {fileID: 114727635247992870, guid: f633b2ff944d9504fa05fc9afbcdf25e,
        type: 2}
      propertyPath: TrackedNodes.Array.data[2]
      value: 
      objectReference: {fileID: 967470104}
    m_RemovedComponents: []
  m_ParentPrefab: {fileID: 100100000, guid: f633b2ff944d9504fa05fc9afbcdf25e, type: 2}
  m_IsPrefabParent: 0
--- !u!1 &268247291 stripped
GameObject:
  m_PrefabParentObject: {fileID: 1467240473282514, guid: f633b2ff944d9504fa05fc9afbcdf25e,
    type: 2}
  m_PrefabInternal: {fileID: 268247290}
--- !u!1 &268247292 stripped
GameObject:
  m_PrefabParentObject: {fileID: 1708226446762678, guid: f633b2ff944d9504fa05fc9afbcdf25e,
    type: 2}
  m_PrefabInternal: {fileID: 268247290}
--- !u!1 &268247293 stripped
GameObject:
  m_PrefabParentObject: {fileID: 1074533638221506, guid: f633b2ff944d9504fa05fc9afbcdf25e,
    type: 2}
  m_PrefabInternal: {fileID: 268247290}
--- !u!1 &268247294 stripped
GameObject:
  m_PrefabParentObject: {fileID: 1027730101130584, guid: f633b2ff944d9504fa05fc9afbcdf25e,
    type: 2}
  m_PrefabInternal: {fileID: 268247290}
--- !u!114 &268247295
MonoBehaviour:
  m_ObjectHideFlags: 0
  m_PrefabParentObject: {fileID: 0}
  m_PrefabInternal: {fileID: 0}
  m_GameObject: {fileID: 268247291}
  m_Enabled: 1
  m_EditorHideFlags: 0
  m_Script: {fileID: 11500000, guid: 6322ebe78310a34449f7c5ed81a27989, type: 3}
  m_Name: 
  m_EditorClassIdentifier: 
  enable: 1
--- !u!114 &268247296
MonoBehaviour:
  m_ObjectHideFlags: 0
  m_PrefabParentObject: {fileID: 0}
  m_PrefabInternal: {fileID: 0}
  m_GameObject: {fileID: 268247292}
  m_Enabled: 1
  m_EditorHideFlags: 0
  m_Script: {fileID: 11500000, guid: 6322ebe78310a34449f7c5ed81a27989, type: 3}
  m_Name: 
  m_EditorClassIdentifier: 
  enable: 1
--- !u!114 &268247297
MonoBehaviour:
  m_ObjectHideFlags: 0
  m_PrefabParentObject: {fileID: 0}
  m_PrefabInternal: {fileID: 0}
  m_GameObject: {fileID: 268247293}
  m_Enabled: 1
  m_EditorHideFlags: 0
  m_Script: {fileID: 11500000, guid: 6322ebe78310a34449f7c5ed81a27989, type: 3}
  m_Name: 
  m_EditorClassIdentifier: 
  enable: 1
--- !u!114 &268247298
MonoBehaviour:
  m_ObjectHideFlags: 0
  m_PrefabParentObject: {fileID: 0}
  m_PrefabInternal: {fileID: 0}
  m_GameObject: {fileID: 268247294}
  m_Enabled: 1
  m_EditorHideFlags: 0
  m_Script: {fileID: 11500000, guid: 6322ebe78310a34449f7c5ed81a27989, type: 3}
  m_Name: 
  m_EditorClassIdentifier: 
  enable: 1
--- !u!1001 &392901338
Prefab:
  m_ObjectHideFlags: 0
  serializedVersion: 2
  m_Modification:
    m_TransformParent: {fileID: 264226156}
    m_Modifications:
    - target: {fileID: 4495322266787794, guid: ee3faaf38a0675843b4f18019e19081b, type: 2}
      propertyPath: m_LocalPosition.x
      value: 0
      objectReference: {fileID: 0}
    - target: {fileID: 4495322266787794, guid: ee3faaf38a0675843b4f18019e19081b, type: 2}
      propertyPath: m_LocalPosition.y
      value: 0
      objectReference: {fileID: 0}
    - target: {fileID: 4495322266787794, guid: ee3faaf38a0675843b4f18019e19081b, type: 2}
      propertyPath: m_LocalPosition.z
      value: 0
      objectReference: {fileID: 0}
    - target: {fileID: 4495322266787794, guid: ee3faaf38a0675843b4f18019e19081b, type: 2}
      propertyPath: m_LocalRotation.x
      value: -0
      objectReference: {fileID: 0}
    - target: {fileID: 4495322266787794, guid: ee3faaf38a0675843b4f18019e19081b, type: 2}
      propertyPath: m_LocalRotation.y
      value: -0
      objectReference: {fileID: 0}
    - target: {fileID: 4495322266787794, guid: ee3faaf38a0675843b4f18019e19081b, type: 2}
      propertyPath: m_LocalRotation.z
      value: -0
      objectReference: {fileID: 0}
    - target: {fileID: 4495322266787794, guid: ee3faaf38a0675843b4f18019e19081b, type: 2}
      propertyPath: m_LocalRotation.w
      value: 1
      objectReference: {fileID: 0}
    - target: {fileID: 4495322266787794, guid: ee3faaf38a0675843b4f18019e19081b, type: 2}
      propertyPath: m_RootOrder
      value: 3
      objectReference: {fileID: 0}
    - target: {fileID: 1406345521993772, guid: ee3faaf38a0675843b4f18019e19081b, type: 2}
      propertyPath: m_IsActive
      value: 0
      objectReference: {fileID: 0}
    m_RemovedComponents: []
  m_ParentPrefab: {fileID: 100100000, guid: ee3faaf38a0675843b4f18019e19081b, type: 2}
  m_IsPrefabParent: 0
--- !u!4 &392901339 stripped
Transform:
  m_PrefabParentObject: {fileID: 4495322266787794, guid: ee3faaf38a0675843b4f18019e19081b,
    type: 2}
  m_PrefabInternal: {fileID: 392901338}
--- !u!1001 &483169293
Prefab:
  m_ObjectHideFlags: 0
  serializedVersion: 2
  m_Modification:
    m_TransformParent: {fileID: 1407671038}
    m_Modifications:
    - target: {fileID: 4470432653945128, guid: 19a2d788f20014d449a0b00075ff60f0, type: 2}
      propertyPath: m_LocalPosition.x
      value: 0
      objectReference: {fileID: 0}
    - target: {fileID: 4470432653945128, guid: 19a2d788f20014d449a0b00075ff60f0, type: 2}
      propertyPath: m_LocalPosition.y
      value: 0
      objectReference: {fileID: 0}
    - target: {fileID: 4470432653945128, guid: 19a2d788f20014d449a0b00075ff60f0, type: 2}
      propertyPath: m_LocalPosition.z
      value: -0.178
      objectReference: {fileID: 0}
    - target: {fileID: 4470432653945128, guid: 19a2d788f20014d449a0b00075ff60f0, type: 2}
      propertyPath: m_LocalRotation.x
      value: 0.5
      objectReference: {fileID: 0}
    - target: {fileID: 4470432653945128, guid: 19a2d788f20014d449a0b00075ff60f0, type: 2}
      propertyPath: m_LocalRotation.y
      value: -0.5
      objectReference: {fileID: 0}
    - target: {fileID: 4470432653945128, guid: 19a2d788f20014d449a0b00075ff60f0, type: 2}
      propertyPath: m_LocalRotation.z
      value: -0.5
      objectReference: {fileID: 0}
    - target: {fileID: 4470432653945128, guid: 19a2d788f20014d449a0b00075ff60f0, type: 2}
      propertyPath: m_LocalRotation.w
      value: 0.5
      objectReference: {fileID: 0}
    - target: {fileID: 4470432653945128, guid: 19a2d788f20014d449a0b00075ff60f0, type: 2}
      propertyPath: m_RootOrder
      value: 1
      objectReference: {fileID: 0}
    - target: {fileID: 4470432653945128, guid: 19a2d788f20014d449a0b00075ff60f0, type: 2}
      propertyPath: m_LocalEulerAnglesHint.x
      value: 180
      objectReference: {fileID: 0}
    - target: {fileID: 4470432653945128, guid: 19a2d788f20014d449a0b00075ff60f0, type: 2}
      propertyPath: m_LocalEulerAnglesHint.y
      value: 90
      objectReference: {fileID: 0}
    - target: {fileID: 4470432653945128, guid: 19a2d788f20014d449a0b00075ff60f0, type: 2}
      propertyPath: m_LocalEulerAnglesHint.z
      value: 90
      objectReference: {fileID: 0}
    - target: {fileID: 4470432653945128, guid: 19a2d788f20014d449a0b00075ff60f0, type: 2}
      propertyPath: m_LocalScale.y
      value: 1
      objectReference: {fileID: 0}
    - target: {fileID: 4470432653945128, guid: 19a2d788f20014d449a0b00075ff60f0, type: 2}
      propertyPath: m_LocalScale.z
      value: 2
      objectReference: {fileID: 0}
    - target: {fileID: 23186814755037336, guid: 19a2d788f20014d449a0b00075ff60f0,
        type: 2}
      propertyPath: m_Enabled
      value: 0
      objectReference: {fileID: 0}
    m_RemovedComponents:
    - {fileID: 114308958690260134, guid: 19a2d788f20014d449a0b00075ff60f0, type: 2}
  m_ParentPrefab: {fileID: 100100000, guid: 19a2d788f20014d449a0b00075ff60f0, type: 2}
  m_IsPrefabParent: 0
--- !u!114 &773950452 stripped
MonoBehaviour:
  m_PrefabParentObject: {fileID: 114967261509387640, guid: 8f02684677e596d4aac857e7390614cb,
    type: 2}
  m_PrefabInternal: {fileID: 1146113731}
  m_Script: {fileID: 11500000, guid: 8a13ce241158e44ed9a665d4bfdc283f, type: 3}
--- !u!1 &860120204
GameObject:
  m_ObjectHideFlags: 0
  m_PrefabParentObject: {fileID: 1425991966496216, guid: 8ecfb59df50314c488c3cff8043f9bb1,
    type: 2}
  m_PrefabInternal: {fileID: 0}
  serializedVersion: 5
  m_Component:
  - component: {fileID: 860120205}
  - component: {fileID: 860120208}
  - component: {fileID: 860120207}
  - component: {fileID: 860120206}
  m_Layer: 0
  m_Name: Cylinder
  m_TagString: Untagged
  m_Icon: {fileID: 0}
  m_NavMeshLayer: 0
  m_StaticEditorFlags: 0
  m_IsActive: 1
--- !u!4 &860120205
Transform:
  m_ObjectHideFlags: 0
  m_PrefabParentObject: {fileID: 4926837904264492, guid: 8ecfb59df50314c488c3cff8043f9bb1,
    type: 2}
  m_PrefabInternal: {fileID: 0}
  m_GameObject: {fileID: 860120204}
  m_LocalRotation: {x: 0, y: 0, z: 0, w: 1}
  m_LocalPosition: {x: 0, y: -2, z: 0}
  m_LocalScale: {x: 15, y: 0.1, z: 15}
  m_Children: []
  m_Father: {fileID: 264226156}
  m_RootOrder: 0
  m_LocalEulerAnglesHint: {x: 0, y: 0, z: 0}
--- !u!23 &860120206
MeshRenderer:
  m_ObjectHideFlags: 0
  m_PrefabParentObject: {fileID: 23674489571310224, guid: 8ecfb59df50314c488c3cff8043f9bb1,
    type: 2}
  m_PrefabInternal: {fileID: 0}
  m_GameObject: {fileID: 860120204}
  m_Enabled: 1
  m_CastShadows: 1
  m_ReceiveShadows: 1
  m_DynamicOccludee: 1
  m_MotionVectors: 1
  m_LightProbeUsage: 1
  m_ReflectionProbeUsage: 1
  m_Materials:
  - {fileID: 10301, guid: 0000000000000000f000000000000000, type: 0}
  m_StaticBatchInfo:
    firstSubMesh: 0
    subMeshCount: 0
  m_StaticBatchRoot: {fileID: 0}
  m_ProbeAnchor: {fileID: 0}
  m_LightProbeVolumeOverride: {fileID: 0}
  m_ScaleInLightmap: 1
  m_PreserveUVs: 1
  m_IgnoreNormalsForChartDetection: 0
  m_ImportantGI: 0
  m_StitchLightmapSeams: 0
  m_SelectedEditorRenderState: 3
  m_MinimumChartSize: 4
  m_AutoUVMaxDistance: 0.5
  m_AutoUVMaxAngle: 89
  m_LightmapParameters: {fileID: 0}
  m_SortingLayerID: 0
  m_SortingLayer: 0
  m_SortingOrder: 0
--- !u!136 &860120207
CapsuleCollider:
  m_ObjectHideFlags: 0
  m_PrefabParentObject: {fileID: 136976068642801414, guid: 8ecfb59df50314c488c3cff8043f9bb1,
    type: 2}
  m_PrefabInternal: {fileID: 0}
  m_GameObject: {fileID: 860120204}
  m_Material: {fileID: 0}
  m_IsTrigger: 0
  m_Enabled: 0
  m_Radius: 0.5
  m_Height: 2
  m_Direction: 1
  m_Center: {x: 0, y: 0, z: 0}
--- !u!33 &860120208
MeshFilter:
  m_ObjectHideFlags: 0
  m_PrefabParentObject: {fileID: 33407404532253902, guid: 8ecfb59df50314c488c3cff8043f9bb1,
    type: 2}
  m_PrefabInternal: {fileID: 0}
  m_GameObject: {fileID: 860120204}
  m_Mesh: {fileID: 10206, guid: 0000000000000000e000000000000000, type: 0}
--- !u!1 &923773246
GameObject:
  m_ObjectHideFlags: 0
  m_PrefabParentObject: {fileID: 1642913042249164, guid: 8ecfb59df50314c488c3cff8043f9bb1,
    type: 2}
  m_PrefabInternal: {fileID: 0}
  serializedVersion: 5
  m_Component:
  - component: {fileID: 923773247}
  - component: {fileID: 923773250}
  - component: {fileID: 923773249}
  - component: {fileID: 923773248}
  m_Layer: 0
  m_Name: regulate cylinder 1mx1m (1)
  m_TagString: Untagged
  m_Icon: {fileID: 0}
  m_NavMeshLayer: 0
  m_StaticEditorFlags: 0
  m_IsActive: 1
--- !u!4 &923773247
Transform:
  m_ObjectHideFlags: 0
  m_PrefabParentObject: {fileID: 4363941114852246, guid: 8ecfb59df50314c488c3cff8043f9bb1,
    type: 2}
  m_PrefabInternal: {fileID: 0}
  m_GameObject: {fileID: 923773246}
  m_LocalRotation: {x: -0, y: -0, z: -0, w: 1}
  m_LocalPosition: {x: 0, y: -4.5000005, z: 0}
  m_LocalScale: {x: 62.6, y: 63.082848, z: 62.6}
  m_Children: []
  m_Father: {fileID: 264226160}
  m_RootOrder: 1
  m_LocalEulerAnglesHint: {x: 0, y: 0, z: 0}
--- !u!95 &923773248
Animator:
  serializedVersion: 3
  m_ObjectHideFlags: 0
  m_PrefabParentObject: {fileID: 95384446550474706, guid: 8ecfb59df50314c488c3cff8043f9bb1,
    type: 2}
  m_PrefabInternal: {fileID: 0}
  m_GameObject: {fileID: 923773246}
  m_Enabled: 1
  m_Avatar: {fileID: 9000000, guid: 4e7febd1ae1b79849afd78706c72d846, type: 3}
  m_Controller: {fileID: 0}
  m_CullingMode: 0
  m_UpdateMode: 0
  m_ApplyRootMotion: 0
  m_LinearVelocityBlending: 0
  m_WarningMessage: 
  m_HasTransformHierarchy: 1
  m_AllowConstantClipSamplingOptimization: 1
--- !u!23 &923773249
MeshRenderer:
  m_ObjectHideFlags: 0
  m_PrefabParentObject: {fileID: 23548966574008452, guid: 8ecfb59df50314c488c3cff8043f9bb1,
    type: 2}
  m_PrefabInternal: {fileID: 0}
  m_GameObject: {fileID: 923773246}
  m_Enabled: 1
  m_CastShadows: 1
  m_ReceiveShadows: 1
  m_DynamicOccludee: 1
  m_MotionVectors: 1
  m_LightProbeUsage: 1
  m_ReflectionProbeUsage: 1
  m_Materials:
  - {fileID: 2100000, guid: abffd101ea0a1f340a882820bc63ca28, type: 2}
  m_StaticBatchInfo:
    firstSubMesh: 0
    subMeshCount: 0
  m_StaticBatchRoot: {fileID: 0}
  m_ProbeAnchor: {fileID: 0}
  m_LightProbeVolumeOverride: {fileID: 0}
  m_ScaleInLightmap: 1
  m_PreserveUVs: 0
  m_IgnoreNormalsForChartDetection: 0
  m_ImportantGI: 0
  m_StitchLightmapSeams: 0
  m_SelectedEditorRenderState: 3
  m_MinimumChartSize: 4
  m_AutoUVMaxDistance: 0.5
  m_AutoUVMaxAngle: 89
  m_LightmapParameters: {fileID: 0}
  m_SortingLayerID: 0
  m_SortingLayer: 0
  m_SortingOrder: 0
--- !u!33 &923773250
MeshFilter:
  m_ObjectHideFlags: 0
  m_PrefabParentObject: {fileID: 33226226356721006, guid: 8ecfb59df50314c488c3cff8043f9bb1,
    type: 2}
  m_PrefabInternal: {fileID: 0}
  m_GameObject: {fileID: 923773246}
  m_Mesh: {fileID: 4300000, guid: 4e7febd1ae1b79849afd78706c72d846, type: 3}
--- !u!114 &967470104 stripped
MonoBehaviour:
  m_PrefabParentObject: {fileID: 114152937981396552, guid: b75d39fb59e3ce94eba8d6870551ec92,
    type: 2}
  m_PrefabInternal: {fileID: 1615466422}
  m_Script: {fileID: 11500000, guid: 8a13ce241158e44ed9a665d4bfdc283f, type: 3}
--- !u!1 &998991147
GameObject:
  m_ObjectHideFlags: 0
  m_PrefabParentObject: {fileID: 1992103644555468, guid: 8ecfb59df50314c488c3cff8043f9bb1,
    type: 2}
  m_PrefabInternal: {fileID: 0}
  serializedVersion: 5
  m_Component:
  - component: {fileID: 264226156}
  - component: {fileID: 998991150}
  - component: {fileID: 998991149}
  - component: {fileID: 998991148}
  - component: {fileID: 1543633398}
  m_Layer: 0
  m_Name: Beacon
  m_TagString: Untagged
  m_Icon: {fileID: 0}
  m_NavMeshLayer: 0
  m_StaticEditorFlags: 0
  m_IsActive: 1
--- !u!23 &998991148
MeshRenderer:
  m_ObjectHideFlags: 0
  m_PrefabParentObject: {fileID: 23723488938868000, guid: 8ecfb59df50314c488c3cff8043f9bb1,
    type: 2}
  m_PrefabInternal: {fileID: 0}
  m_GameObject: {fileID: 998991147}
  m_Enabled: 0
  m_CastShadows: 1
  m_ReceiveShadows: 1
  m_DynamicOccludee: 1
  m_MotionVectors: 1
  m_LightProbeUsage: 1
  m_ReflectionProbeUsage: 1
  m_Materials:
  - {fileID: 2100000, guid: 54b2f97b6c1394c40ac127bec72a7225, type: 2}
  m_StaticBatchInfo:
    firstSubMesh: 0
    subMeshCount: 0
  m_StaticBatchRoot: {fileID: 0}
  m_ProbeAnchor: {fileID: 0}
  m_LightProbeVolumeOverride: {fileID: 0}
  m_ScaleInLightmap: 1
  m_PreserveUVs: 1
  m_IgnoreNormalsForChartDetection: 0
  m_ImportantGI: 0
  m_StitchLightmapSeams: 0
  m_SelectedEditorRenderState: 3
  m_MinimumChartSize: 4
  m_AutoUVMaxDistance: 0.5
  m_AutoUVMaxAngle: 89
  m_LightmapParameters: {fileID: 0}
  m_SortingLayerID: 0
  m_SortingLayer: 0
  m_SortingOrder: 0
--- !u!135 &998991149
SphereCollider:
  m_ObjectHideFlags: 0
  m_PrefabParentObject: {fileID: 135860984648016082, guid: 8ecfb59df50314c488c3cff8043f9bb1,
    type: 2}
  m_PrefabInternal: {fileID: 0}
  m_GameObject: {fileID: 998991147}
  m_Material: {fileID: 0}
  m_IsTrigger: 0
  m_Enabled: 0
  serializedVersion: 2
  m_Radius: 0.5
  m_Center: {x: 0, y: 0, z: 0}
--- !u!33 &998991150
MeshFilter:
  m_ObjectHideFlags: 0
  m_PrefabParentObject: {fileID: 33830068440166572, guid: 8ecfb59df50314c488c3cff8043f9bb1,
    type: 2}
  m_PrefabInternal: {fileID: 0}
  m_GameObject: {fileID: 998991147}
  m_Mesh: {fileID: 10207, guid: 0000000000000000e000000000000000, type: 0}
--- !u!1001 &1103167953
Prefab:
  m_ObjectHideFlags: 0
  serializedVersion: 2
  m_Modification:
    m_TransformParent: {fileID: 264226156}
    m_Modifications:
    - target: {fileID: 4096058356498990, guid: a72e42c04fbff4e419e7a0a5a3b42ea5, type: 2}
      propertyPath: m_LocalPosition.x
      value: 0
      objectReference: {fileID: 0}
    - target: {fileID: 4096058356498990, guid: a72e42c04fbff4e419e7a0a5a3b42ea5, type: 2}
      propertyPath: m_LocalPosition.y
      value: 0
      objectReference: {fileID: 0}
    - target: {fileID: 4096058356498990, guid: a72e42c04fbff4e419e7a0a5a3b42ea5, type: 2}
      propertyPath: m_LocalPosition.z
      value: 0
      objectReference: {fileID: 0}
    - target: {fileID: 4096058356498990, guid: a72e42c04fbff4e419e7a0a5a3b42ea5, type: 2}
      propertyPath: m_LocalRotation.x
      value: -0
      objectReference: {fileID: 0}
    - target: {fileID: 4096058356498990, guid: a72e42c04fbff4e419e7a0a5a3b42ea5, type: 2}
      propertyPath: m_LocalRotation.y
      value: -0
      objectReference: {fileID: 0}
    - target: {fileID: 4096058356498990, guid: a72e42c04fbff4e419e7a0a5a3b42ea5, type: 2}
      propertyPath: m_LocalRotation.z
      value: -0
      objectReference: {fileID: 0}
    - target: {fileID: 4096058356498990, guid: a72e42c04fbff4e419e7a0a5a3b42ea5, type: 2}
      propertyPath: m_LocalRotation.w
      value: 1
      objectReference: {fileID: 0}
    - target: {fileID: 4096058356498990, guid: a72e42c04fbff4e419e7a0a5a3b42ea5, type: 2}
      propertyPath: m_RootOrder
      value: 4
      objectReference: {fileID: 0}
    - target: {fileID: 1347011271070762, guid: a72e42c04fbff4e419e7a0a5a3b42ea5, type: 2}
      propertyPath: m_IsActive
      value: 0
      objectReference: {fileID: 0}
    m_RemovedComponents: []
  m_ParentPrefab: {fileID: 100100000, guid: a72e42c04fbff4e419e7a0a5a3b42ea5, type: 2}
  m_IsPrefabParent: 0
--- !u!4 &1103167954 stripped
Transform:
  m_PrefabParentObject: {fileID: 4096058356498990, guid: a72e42c04fbff4e419e7a0a5a3b42ea5,
    type: 2}
  m_PrefabInternal: {fileID: 1103167953}
--- !u!1001 &1146113731
Prefab:
  m_ObjectHideFlags: 0
  serializedVersion: 2
  m_Modification:
    m_TransformParent: {fileID: 0}
    m_Modifications:
    - target: {fileID: 4315042803220356, guid: 8f02684677e596d4aac857e7390614cb, type: 2}
      propertyPath: m_LocalPosition.x
      value: 0
      objectReference: {fileID: 0}
    - target: {fileID: 4315042803220356, guid: 8f02684677e596d4aac857e7390614cb, type: 2}
      propertyPath: m_LocalPosition.y
      value: 0
      objectReference: {fileID: 0}
    - target: {fileID: 4315042803220356, guid: 8f02684677e596d4aac857e7390614cb, type: 2}
      propertyPath: m_LocalPosition.z
      value: 0
      objectReference: {fileID: 0}
    - target: {fileID: 4315042803220356, guid: 8f02684677e596d4aac857e7390614cb, type: 2}
      propertyPath: m_LocalRotation.x
      value: 0
      objectReference: {fileID: 0}
    - target: {fileID: 4315042803220356, guid: 8f02684677e596d4aac857e7390614cb, type: 2}
      propertyPath: m_LocalRotation.y
      value: 0
      objectReference: {fileID: 0}
    - target: {fileID: 4315042803220356, guid: 8f02684677e596d4aac857e7390614cb, type: 2}
      propertyPath: m_LocalRotation.z
      value: 0
      objectReference: {fileID: 0}
    - target: {fileID: 4315042803220356, guid: 8f02684677e596d4aac857e7390614cb, type: 2}
      propertyPath: m_LocalRotation.w
      value: 1
      objectReference: {fileID: 0}
    - target: {fileID: 4315042803220356, guid: 8f02684677e596d4aac857e7390614cb, type: 2}
      propertyPath: m_RootOrder
      value: 3
      objectReference: {fileID: 0}
    - target: {fileID: 1387165267176028, guid: 8f02684677e596d4aac857e7390614cb, type: 2}
      propertyPath: m_IsActive
      value: 1
      objectReference: {fileID: 0}
    m_RemovedComponents: []
  m_ParentPrefab: {fileID: 100100000, guid: 8f02684677e596d4aac857e7390614cb, type: 2}
  m_IsPrefabParent: 0
--- !u!4 &1407671038 stripped
Transform:
  m_PrefabParentObject: {fileID: 4200828166014512, guid: 8f02684677e596d4aac857e7390614cb,
    type: 2}
  m_PrefabInternal: {fileID: 1146113731}
--- !u!114 &1543633398
MonoBehaviour:
  m_ObjectHideFlags: 0
  m_PrefabParentObject: {fileID: 114636877942620418, guid: 8ecfb59df50314c488c3cff8043f9bb1,
    type: 2}
  m_PrefabInternal: {fileID: 0}
  m_GameObject: {fileID: 998991147}
  m_Enabled: 1
  m_EditorHideFlags: 0
  m_Script: {fileID: 11500000, guid: 8a13ce241158e44ed9a665d4bfdc283f, type: 3}
  m_Name: 
  m_EditorClassIdentifier: 
  NodeType: 7
  PeripheralName: 
--- !u!1 &1587308745 stripped
GameObject:
  m_PrefabParentObject: {fileID: 1895715886498790, guid: f633b2ff944d9504fa05fc9afbcdf25e,
    type: 2}
  m_PrefabInternal: {fileID: 268247290}
--- !u!114 &1587308746
MonoBehaviour:
  m_ObjectHideFlags: 0
  m_PrefabParentObject: {fileID: 0}
  m_PrefabInternal: {fileID: 0}
  m_GameObject: {fileID: 1587308745}
  m_Enabled: 1
  m_EditorHideFlags: 0
  m_Script: {fileID: 11500000, guid: 832523f0d650c7643991956cc68cf7f9, type: 3}
  m_Name: 
  m_EditorClassIdentifier: 
--- !u!1001 &1615466422
Prefab:
  m_ObjectHideFlags: 0
  serializedVersion: 2
  m_Modification:
    m_TransformParent: {fileID: 0}
    m_Modifications:
    - target: {fileID: 4866708070644418, guid: b75d39fb59e3ce94eba8d6870551ec92, type: 2}
      propertyPath: m_LocalPosition.x
      value: 0
      objectReference: {fileID: 0}
    - target: {fileID: 4866708070644418, guid: b75d39fb59e3ce94eba8d6870551ec92, type: 2}
      propertyPath: m_LocalPosition.y
      value: 1
      objectReference: {fileID: 0}
    - target: {fileID: 4866708070644418, guid: b75d39fb59e3ce94eba8d6870551ec92, type: 2}
      propertyPath: m_LocalPosition.z
      value: 0
      objectReference: {fileID: 0}
    - target: {fileID: 4866708070644418, guid: b75d39fb59e3ce94eba8d6870551ec92, type: 2}
      propertyPath: m_LocalRotation.x
      value: 0
      objectReference: {fileID: 0}
    - target: {fileID: 4866708070644418, guid: b75d39fb59e3ce94eba8d6870551ec92, type: 2}
      propertyPath: m_LocalRotation.y
      value: 0
      objectReference: {fileID: 0}
    - target: {fileID: 4866708070644418, guid: b75d39fb59e3ce94eba8d6870551ec92, type: 2}
      propertyPath: m_LocalRotation.z
      value: 0
      objectReference: {fileID: 0}
    - target: {fileID: 4866708070644418, guid: b75d39fb59e3ce94eba8d6870551ec92, type: 2}
      propertyPath: m_LocalRotation.w
      value: 1
      objectReference: {fileID: 0}
    - target: {fileID: 4866708070644418, guid: b75d39fb59e3ce94eba8d6870551ec92, type: 2}
      propertyPath: m_RootOrder
      value: 4
      objectReference: {fileID: 0}
    m_RemovedComponents: []
  m_ParentPrefab: {fileID: 100100000, guid: b75d39fb59e3ce94eba8d6870551ec92, type: 2}
  m_IsPrefabParent: 0
--- !u!1001 &1854402334
Prefab:
  m_ObjectHideFlags: 0
  serializedVersion: 2
  m_Modification:
    m_TransformParent: {fileID: 0}
    m_Modifications:
    - target: {fileID: 4723191351132496, guid: dbbb1654cf0d50e4b91d065f81182e9f, type: 2}
      propertyPath: m_LocalPosition.x
      value: 0
      objectReference: {fileID: 0}
    - target: {fileID: 4723191351132496, guid: dbbb1654cf0d50e4b91d065f81182e9f, type: 2}
      propertyPath: m_LocalPosition.y
      value: 0
      objectReference: {fileID: 0}
    - target: {fileID: 4723191351132496, guid: dbbb1654cf0d50e4b91d065f81182e9f, type: 2}
      propertyPath: m_LocalPosition.z
      value: 0
      objectReference: {fileID: 0}
    - target: {fileID: 4723191351132496, guid: dbbb1654cf0d50e4b91d065f81182e9f, type: 2}
      propertyPath: m_LocalRotation.x
      value: 0
      objectReference: {fileID: 0}
    - target: {fileID: 4723191351132496, guid: dbbb1654cf0d50e4b91d065f81182e9f, type: 2}
      propertyPath: m_LocalRotation.y
      value: 0
      objectReference: {fileID: 0}
    - target: {fileID: 4723191351132496, guid: dbbb1654cf0d50e4b91d065f81182e9f, type: 2}
      propertyPath: m_LocalRotation.z
      value: 0
      objectReference: {fileID: 0}
    - target: {fileID: 4723191351132496, guid: dbbb1654cf0d50e4b91d065f81182e9f, type: 2}
      propertyPath: m_LocalRotation.w
      value: 1
      objectReference: {fileID: 0}
    - target: {fileID: 4723191351132496, guid: dbbb1654cf0d50e4b91d065f81182e9f, type: 2}
      propertyPath: m_RootOrder
      value: 1
      objectReference: {fileID: 0}
    m_RemovedComponents: []
  m_ParentPrefab: {fileID: 100100000, guid: dbbb1654cf0d50e4b91d065f81182e9f, type: 2}
  m_IsPrefabParent: 0
--- !u!1001 &1927361847
Prefab:
  m_ObjectHideFlags: 0
  serializedVersion: 2
  m_Modification:
    m_TransformParent: {fileID: 264226156}
    m_Modifications:
    - target: {fileID: 4854020512495702, guid: bc4da08f7855cd54c9045d7576c77575, type: 2}
      propertyPath: m_LocalPosition.x
      value: 0
      objectReference: {fileID: 0}
    - target: {fileID: 4854020512495702, guid: bc4da08f7855cd54c9045d7576c77575, type: 2}
      propertyPath: m_LocalPosition.y
      value: 0
      objectReference: {fileID: 0}
    - target: {fileID: 4854020512495702, guid: bc4da08f7855cd54c9045d7576c77575, type: 2}
      propertyPath: m_LocalPosition.z
      value: 0
      objectReference: {fileID: 0}
    - target: {fileID: 4854020512495702, guid: bc4da08f7855cd54c9045d7576c77575, type: 2}
      propertyPath: m_LocalRotation.x
      value: -0
      objectReference: {fileID: 0}
    - target: {fileID: 4854020512495702, guid: bc4da08f7855cd54c9045d7576c77575, type: 2}
      propertyPath: m_LocalRotation.y
      value: -0
      objectReference: {fileID: 0}
    - target: {fileID: 4854020512495702, guid: bc4da08f7855cd54c9045d7576c77575, type: 2}
      propertyPath: m_LocalRotation.z
      value: -0
      objectReference: {fileID: 0}
    - target: {fileID: 4854020512495702, guid: bc4da08f7855cd54c9045d7576c77575, type: 2}
      propertyPath: m_LocalRotation.w
      value: 1
      objectReference: {fileID: 0}
    - target: {fileID: 4854020512495702, guid: bc4da08f7855cd54c9045d7576c77575, type: 2}
      propertyPath: m_RootOrder
      value: 6
      objectReference: {fileID: 0}
    - target: {fileID: 1293050132012986, guid: bc4da08f7855cd54c9045d7576c77575, type: 2}
      propertyPath: m_IsActive
      value: 0
      objectReference: {fileID: 0}
    m_RemovedComponents: []
  m_ParentPrefab: {fileID: 100100000, guid: bc4da08f7855cd54c9045d7576c77575, type: 2}
  m_IsPrefabParent: 0
--- !u!4 &1927361848 stripped
Transform:
  m_PrefabParentObject: {fileID: 4854020512495702, guid: bc4da08f7855cd54c9045d7576c77575,
    type: 2}
  m_PrefabInternal: {fileID: 1927361847}
--- !u!1001 &1954390474
Prefab:
  m_ObjectHideFlags: 0
  serializedVersion: 2
  m_Modification:
    m_TransformParent: {fileID: 264226156}
    m_Modifications:
    - target: {fileID: 4097511174415180, guid: ab43550e46f6cf746874499469adc360, type: 2}
      propertyPath: m_LocalPosition.x
      value: 0
      objectReference: {fileID: 0}
    - target: {fileID: 4097511174415180, guid: ab43550e46f6cf746874499469adc360, type: 2}
      propertyPath: m_LocalPosition.y
      value: 0
      objectReference: {fileID: 0}
    - target: {fileID: 4097511174415180, guid: ab43550e46f6cf746874499469adc360, type: 2}
      propertyPath: m_LocalPosition.z
      value: 0
      objectReference: {fileID: 0}
    - target: {fileID: 4097511174415180, guid: ab43550e46f6cf746874499469adc360, type: 2}
      propertyPath: m_LocalRotation.x
      value: 0
      objectReference: {fileID: 0}
    - target: {fileID: 4097511174415180, guid: ab43550e46f6cf746874499469adc360, type: 2}
      propertyPath: m_LocalRotation.y
      value: 0
      objectReference: {fileID: 0}
    - target: {fileID: 4097511174415180, guid: ab43550e46f6cf746874499469adc360, type: 2}
      propertyPath: m_LocalRotation.z
      value: 0
      objectReference: {fileID: 0}
    - target: {fileID: 4097511174415180, guid: ab43550e46f6cf746874499469adc360, type: 2}
      propertyPath: m_LocalRotation.w
      value: 1
      objectReference: {fileID: 0}
    - target: {fileID: 4097511174415180, guid: ab43550e46f6cf746874499469adc360, type: 2}
      propertyPath: m_RootOrder
      value: 2
      objectReference: {fileID: 0}
    - target: {fileID: 1781398287189496, guid: ab43550e46f6cf746874499469adc360, type: 2}
      propertyPath: m_IsActive
      value: 0
      objectReference: {fileID: 0}
    m_RemovedComponents: []
  m_ParentPrefab: {fileID: 100100000, guid: ab43550e46f6cf746874499469adc360, type: 2}
  m_IsPrefabParent: 0
--- !u!1 &1978912674
GameObject:
  m_ObjectHideFlags: 0
  m_PrefabParentObject: {fileID: 1745163464829958, guid: 8ecfb59df50314c488c3cff8043f9bb1,
    type: 2}
  m_PrefabInternal: {fileID: 0}
  serializedVersion: 5
  m_Component:
  - component: {fileID: 1978912675}
  - component: {fileID: 1978912678}
  - component: {fileID: 1978912677}
  - component: {fileID: 1978912676}
  m_Layer: 0
  m_Name: regulate cylinder 1mx1m
  m_TagString: Untagged
  m_Icon: {fileID: 0}
  m_NavMeshLayer: 0
  m_StaticEditorFlags: 0
  m_IsActive: 0
--- !u!4 &1978912675
Transform:
  m_ObjectHideFlags: 0
  m_PrefabParentObject: {fileID: 4420611947322828, guid: 8ecfb59df50314c488c3cff8043f9bb1,
    type: 2}
  m_PrefabInternal: {fileID: 0}
  m_GameObject: {fileID: 1978912674}
  m_LocalRotation: {x: -0, y: -0, z: -0, w: 1}
  m_LocalPosition: {x: 0, y: -4.5000005, z: 0}
  m_LocalScale: {x: 80, y: 63.082848, z: 80}
  m_Children: []
  m_Father: {fileID: 264226160}
  m_RootOrder: 0
  m_LocalEulerAnglesHint: {x: 0, y: 0, z: 0}
--- !u!95 &1978912676
Animator:
  serializedVersion: 3
  m_ObjectHideFlags: 0
  m_PrefabParentObject: {fileID: 95868630064038164, guid: 8ecfb59df50314c488c3cff8043f9bb1,
    type: 2}
  m_PrefabInternal: {fileID: 0}
  m_GameObject: {fileID: 1978912674}
  m_Enabled: 1
  m_Avatar: {fileID: 9000000, guid: 4e7febd1ae1b79849afd78706c72d846, type: 3}
  m_Controller: {fileID: 0}
  m_CullingMode: 0
  m_UpdateMode: 0
  m_ApplyRootMotion: 0
  m_LinearVelocityBlending: 0
  m_WarningMessage: 
  m_HasTransformHierarchy: 1
  m_AllowConstantClipSamplingOptimization: 1
--- !u!23 &1978912677
MeshRenderer:
  m_ObjectHideFlags: 0
  m_PrefabParentObject: {fileID: 23262101596501962, guid: 8ecfb59df50314c488c3cff8043f9bb1,
    type: 2}
  m_PrefabInternal: {fileID: 0}
  m_GameObject: {fileID: 1978912674}
  m_Enabled: 1
  m_CastShadows: 1
  m_ReceiveShadows: 1
  m_DynamicOccludee: 1
  m_MotionVectors: 1
  m_LightProbeUsage: 1
  m_ReflectionProbeUsage: 1
  m_Materials:
  - {fileID: 2100000, guid: abffd101ea0a1f340a882820bc63ca28, type: 2}
  m_StaticBatchInfo:
    firstSubMesh: 0
    subMeshCount: 0
  m_StaticBatchRoot: {fileID: 0}
  m_ProbeAnchor: {fileID: 0}
  m_LightProbeVolumeOverride: {fileID: 0}
  m_ScaleInLightmap: 1
  m_PreserveUVs: 0
  m_IgnoreNormalsForChartDetection: 0
  m_ImportantGI: 0
  m_StitchLightmapSeams: 0
  m_SelectedEditorRenderState: 3
  m_MinimumChartSize: 4
  m_AutoUVMaxDistance: 0.5
  m_AutoUVMaxAngle: 89
  m_LightmapParameters: {fileID: 0}
  m_SortingLayerID: 0
  m_SortingLayer: 0
  m_SortingOrder: 0
--- !u!33 &1978912678
MeshFilter:
  m_ObjectHideFlags: 0
  m_PrefabParentObject: {fileID: 33116594875791838, guid: 8ecfb59df50314c488c3cff8043f9bb1,
    type: 2}
  m_PrefabInternal: {fileID: 0}
  m_GameObject: {fileID: 1978912674}
  m_Mesh: {fileID: 4300000, guid: 4e7febd1ae1b79849afd78706c72d846, type: 3}
--- !u!1 &1992912004
GameObject:
  m_ObjectHideFlags: 0
  m_PrefabParentObject: {fileID: 1671390434024238, guid: 19a2d788f20014d449a0b00075ff60f0,
    type: 2}
  m_PrefabInternal: {fileID: 483169293}
  serializedVersion: 5
  m_Component:
  - component: {fileID: 1992912005}
  - component: {fileID: 1992912006}
  - component: {fileID: 1992912011}
  - component: {fileID: 1992912010}
  m_Layer: 0
  m_Name: Missing Prefab (Dummy)
  m_TagString: Untagged
  m_Icon: {fileID: 0}
  m_NavMeshLayer: 0
  m_StaticEditorFlags: 0
  m_IsActive: 0
--- !u!4 &1992912005
Transform:
  m_ObjectHideFlags: 0
  m_PrefabParentObject: {fileID: 0}
  m_PrefabInternal: {fileID: 483169293}
  m_GameObject: {fileID: 1992912004}
  m_LocalRotation: {x: 0, y: 0, z: 0, w: 1}
  m_LocalPosition: {x: 0, y: 0, z: 0}
  m_LocalScale: {x: 1, y: 1, z: 1}
  m_Children: []
  m_Father: {fileID: 2106386010}
  m_RootOrder: 0
  m_LocalEulerAnglesHint: {x: 0, y: 0, z: 0}
--- !u!65 &1992912006
BoxCollider:
  m_ObjectHideFlags: 0
  m_PrefabParentObject: {fileID: 0}
  m_PrefabInternal: {fileID: 0}
  m_GameObject: {fileID: 1992912004}
  m_Material: {fileID: 0}
  m_IsTrigger: 1
  m_Enabled: 0
  serializedVersion: 2
  m_Size: {x: 0.017347999, y: 0.615491, z: 0.06206504}
  m_Center: {x: 0, y: 0.2578962, z: 0}
--- !u!114 &1992912010
MonoBehaviour:
  m_ObjectHideFlags: 0
  m_PrefabParentObject: {fileID: 0}
  m_PrefabInternal: {fileID: 0}
  m_GameObject: {fileID: 1992912004}
  m_Enabled: 1
  m_EditorHideFlags: 0
  m_Script: {fileID: 11500000, guid: 8b7706d236a0fdd40b47629536ebb1d8, type: 3}
  m_Name: 
  m_EditorClassIdentifier: 
  hitParticle: {fileID: 1315372007585700, guid: a6bb7d744bd8d794d966cad94fdc5569,
    type: 2}
--- !u!82 &1992912011
AudioSource:
  m_ObjectHideFlags: 0
  m_PrefabParentObject: {fileID: 0}
  m_PrefabInternal: {fileID: 0}
  m_GameObject: {fileID: 1992912004}
  m_Enabled: 0
  serializedVersion: 4
  OutputAudioMixerGroup: {fileID: 0}
  m_audioClip: {fileID: 8300000, guid: 86534c74d887e4d059e61847fe00e8d8, type: 3}
  m_PlayOnAwake: 1
  m_Volume: 0.5
  m_Pitch: 1
  Loop: 1
  Mute: 0
  Spatialize: 0
  SpatializePostEffects: 0
  Priority: 128
  DopplerLevel: 1
  MinDistance: 1
  MaxDistance: 500
  Pan2D: 0
  rolloffMode: 0
  BypassEffects: 0
  BypassListenerEffects: 0
  BypassReverbZones: 0
  rolloffCustomCurve:
    serializedVersion: 2
    m_Curve:
    - serializedVersion: 2
      time: 0
      value: 1
      inSlope: 0
      outSlope: 0
      tangentMode: 0
    - serializedVersion: 2
      time: 1
      value: 0
      inSlope: 0
      outSlope: 0
      tangentMode: 0
    m_PreInfinity: 2
    m_PostInfinity: 2
    m_RotationOrder: 4
  panLevelCustomCurve:
    serializedVersion: 2
    m_Curve:
    - serializedVersion: 2
      time: 0
      value: 0
      inSlope: 0
      outSlope: 0
      tangentMode: 0
    m_PreInfinity: 2
    m_PostInfinity: 2
    m_RotationOrder: 0
  spreadCustomCurve:
    serializedVersion: 2
    m_Curve:
    - serializedVersion: 2
      time: 0
      value: 0
      inSlope: 0
      outSlope: 0
      tangentMode: 0
    m_PreInfinity: 2
    m_PostInfinity: 2
    m_RotationOrder: 4
  reverbZoneMixCustomCurve:
    serializedVersion: 2
    m_Curve:
    - serializedVersion: 2
      time: 0
      value: 1
      inSlope: 0
      outSlope: 0
      tangentMode: 0
    m_PreInfinity: 2
    m_PostInfinity: 2
    m_RotationOrder: 0
--- !u!1001 &2016410176
Prefab:
  m_ObjectHideFlags: 0
  serializedVersion: 2
  m_Modification:
    m_TransformParent: {fileID: 264226156}
    m_Modifications:
    - target: {fileID: 4941760907409322, guid: b06c6b2b02733fb468d7087cb0cb18da, type: 2}
      propertyPath: m_LocalPosition.x
      value: 0
      objectReference: {fileID: 0}
    - target: {fileID: 4941760907409322, guid: b06c6b2b02733fb468d7087cb0cb18da, type: 2}
      propertyPath: m_LocalPosition.y
      value: 0
      objectReference: {fileID: 0}
    - target: {fileID: 4941760907409322, guid: b06c6b2b02733fb468d7087cb0cb18da, type: 2}
      propertyPath: m_LocalPosition.z
      value: 0
      objectReference: {fileID: 0}
    - target: {fileID: 4941760907409322, guid: b06c6b2b02733fb468d7087cb0cb18da, type: 2}
      propertyPath: m_LocalRotation.x
      value: -0
      objectReference: {fileID: 0}
    - target: {fileID: 4941760907409322, guid: b06c6b2b02733fb468d7087cb0cb18da, type: 2}
      propertyPath: m_LocalRotation.y
      value: -0
      objectReference: {fileID: 0}
    - target: {fileID: 4941760907409322, guid: b06c6b2b02733fb468d7087cb0cb18da, type: 2}
      propertyPath: m_LocalRotation.z
      value: -0
      objectReference: {fileID: 0}
    - target: {fileID: 4941760907409322, guid: b06c6b2b02733fb468d7087cb0cb18da, type: 2}
      propertyPath: m_LocalRotation.w
      value: 1
      objectReference: {fileID: 0}
    - target: {fileID: 4941760907409322, guid: b06c6b2b02733fb468d7087cb0cb18da, type: 2}
      propertyPath: m_RootOrder
      value: 5
      objectReference: {fileID: 0}
    - target: {fileID: 1782238559406172, guid: b06c6b2b02733fb468d7087cb0cb18da, type: 2}
      propertyPath: m_IsActive
      value: 0
      objectReference: {fileID: 0}
    m_RemovedComponents: []
  m_ParentPrefab: {fileID: 100100000, guid: b06c6b2b02733fb468d7087cb0cb18da, type: 2}
  m_IsPrefabParent: 0
--- !u!4 &2016410177 stripped
Transform:
  m_PrefabParentObject: {fileID: 4941760907409322, guid: b06c6b2b02733fb468d7087cb0cb18da,
    type: 2}
  m_PrefabInternal: {fileID: 2016410176}
--- !u!1 &2106386009
GameObject:
  m_ObjectHideFlags: 0
  m_PrefabParentObject: {fileID: 0}
  m_PrefabInternal: {fileID: 483169293}
  serializedVersion: 5
  m_Component:
  - component: {fileID: 2106386010}
  m_Layer: 0
  m_Name: Missing Prefab
  m_TagString: Untagged
  m_Icon: {fileID: 0}
  m_NavMeshLayer: 0
  m_StaticEditorFlags: 0
  m_IsActive: 1
--- !u!4 &2106386010
Transform:
  m_ObjectHideFlags: 0
  m_PrefabParentObject: {fileID: 0}
  m_PrefabInternal: {fileID: 483169293}
  m_GameObject: {fileID: 2106386009}
  m_LocalRotation: {x: 0, y: 0, z: 0, w: 1}
  m_LocalPosition: {x: 0, y: 0, z: 0}
  m_LocalScale: {x: 1, y: 1, z: 1}
  m_Children:
  - {fileID: 1992912005}
  m_Father: {fileID: 1407671038}
  m_RootOrder: 1
  m_LocalEulerAnglesHint: {x: 0, y: 0, z: 0}
