%YAML 1.1
%TAG !u! tag:unity3d.com,2011:
--- !u!29 &1
OcclusionCullingSettings:
  m_ObjectHideFlags: 0
  serializedVersion: 2
  m_OcclusionBakeSettings:
    smallestOccluder: 5
    smallestHole: 0.25
    backfaceThreshold: 100
  m_SceneGUID: 00000000000000000000000000000000
  m_OcclusionCullingData: {fileID: 0}
--- !u!104 &2
RenderSettings:
  m_ObjectHideFlags: 0
  serializedVersion: 8
  m_Fog: 0
  m_FogColor: {r: 0.5, g: 0.5, b: 0.5, a: 1}
  m_FogMode: 3
  m_FogDensity: 0.01
  m_LinearFogStart: 0
  m_LinearFogEnd: 300
  m_AmbientSkyColor: {r: 1, g: 1, b: 1, a: 1}
  m_AmbientEquatorColor: {r: 0.114, g: 0.125, b: 0.133, a: 1}
  m_AmbientGroundColor: {r: 0.047, g: 0.043, b: 0.035, a: 1}
  m_AmbientIntensity: 1
  m_AmbientMode: 3
  m_SubtractiveShadowColor: {r: 0.42, g: 0.478, b: 0.627, a: 1}
  m_SkyboxMaterial: {fileID: 0}
  m_HaloStrength: 0.5
  m_FlareStrength: 1
  m_FlareFadeSpeed: 3
  m_HaloTexture: {fileID: 0}
  m_SpotCookie: {fileID: 10001, guid: 0000000000000000e000000000000000, type: 0}
  m_DefaultReflectionMode: 0
  m_DefaultReflectionResolution: 128
  m_ReflectionBounces: 1
  m_ReflectionIntensity: 1
  m_CustomReflection: {fileID: 0}
  m_Sun: {fileID: 0}
  m_IndirectSpecularColor: {r: 0, g: 0, b: 0, a: 1}
--- !u!157 &3
LightmapSettings:
  m_ObjectHideFlags: 0
  serializedVersion: 11
  m_GIWorkflowMode: 0
  m_GISettings:
    serializedVersion: 2
    m_BounceScale: 1
    m_IndirectOutputScale: 1
    m_AlbedoBoost: 1
    m_TemporalCoherenceThreshold: 1
    m_EnvironmentLightingMode: 0
    m_EnableBakedLightmaps: 1
    m_EnableRealtimeLightmaps: 1
  m_LightmapEditorSettings:
    serializedVersion: 9
    m_Resolution: 2
    m_BakeResolution: 40
    m_TextureWidth: 1024
    m_TextureHeight: 1024
    m_AO: 0
    m_AOMaxDistance: 1
    m_CompAOExponent: 1
    m_CompAOExponentDirect: 0
    m_Padding: 2
    m_LightmapParameters: {fileID: 0}
    m_LightmapsBakeMode: 1
    m_TextureCompression: 1
    m_FinalGather: 0
    m_FinalGatherFiltering: 1
    m_FinalGatherRayCount: 256
    m_ReflectionCompression: 2
    m_MixedBakeMode: 2
    m_BakeBackend: 0
    m_PVRSampling: 1
    m_PVRDirectSampleCount: 32
    m_PVRSampleCount: 500
    m_PVRBounces: 2
    m_PVRFilterTypeDirect: 0
    m_PVRFilterTypeIndirect: 0
    m_PVRFilterTypeAO: 0
    m_PVRFilteringMode: 1
    m_PVRCulling: 1
    m_PVRFilteringGaussRadiusDirect: 1
    m_PVRFilteringGaussRadiusIndirect: 5
    m_PVRFilteringGaussRadiusAO: 2
    m_PVRFilteringAtrousPositionSigmaDirect: 0.5
    m_PVRFilteringAtrousPositionSigmaIndirect: 2
    m_PVRFilteringAtrousPositionSigmaAO: 1
  m_LightingDataAsset: {fileID: 0}
  m_UseShadowmask: 1
--- !u!196 &4
NavMeshSettings:
  serializedVersion: 2
  m_ObjectHideFlags: 0
  m_BuildSettings:
    serializedVersion: 2
    agentTypeID: 0
    agentRadius: 0.5
    agentHeight: 2
    agentSlope: 45
    agentClimb: 0.4
    ledgeDropHeight: 0
    maxJumpAcrossDistance: 0
    minRegionArea: 2
    manualCellSize: 0
    cellSize: 0.16666667
    manualTileSize: 0
    tileSize: 256
    accuratePlacement: 0
    debug:
      m_Flags: 0
  m_NavMeshData: {fileID: 0}
--- !u!1001 &13596587
Prefab:
  m_ObjectHideFlags: 0
  serializedVersion: 2
  m_Modification:
    m_TransformParent: {fileID: 0}
    m_Modifications:
    - target: {fileID: 4866708070644418, guid: b75d39fb59e3ce94eba8d6870551ec92, type: 2}
      propertyPath: m_LocalPosition.x
      value: 0
      objectReference: {fileID: 0}
    - target: {fileID: 4866708070644418, guid: b75d39fb59e3ce94eba8d6870551ec92, type: 2}
      propertyPath: m_LocalPosition.y
      value: 1
      objectReference: {fileID: 0}
    - target: {fileID: 4866708070644418, guid: b75d39fb59e3ce94eba8d6870551ec92, type: 2}
      propertyPath: m_LocalPosition.z
      value: 0
      objectReference: {fileID: 0}
    - target: {fileID: 4866708070644418, guid: b75d39fb59e3ce94eba8d6870551ec92, type: 2}
      propertyPath: m_LocalRotation.x
      value: 0
      objectReference: {fileID: 0}
    - target: {fileID: 4866708070644418, guid: b75d39fb59e3ce94eba8d6870551ec92, type: 2}
      propertyPath: m_LocalRotation.y
      value: 0
      objectReference: {fileID: 0}
    - target: {fileID: 4866708070644418, guid: b75d39fb59e3ce94eba8d6870551ec92, type: 2}
      propertyPath: m_LocalRotation.z
      value: 0
      objectReference: {fileID: 0}
    - target: {fileID: 4866708070644418, guid: b75d39fb59e3ce94eba8d6870551ec92, type: 2}
      propertyPath: m_LocalRotation.w
      value: 1
      objectReference: {fileID: 0}
    - target: {fileID: 4866708070644418, guid: b75d39fb59e3ce94eba8d6870551ec92, type: 2}
      propertyPath: m_RootOrder
      value: 6
      objectReference: {fileID: 0}
    - target: {fileID: 1677982824176426, guid: b75d39fb59e3ce94eba8d6870551ec92, type: 2}
      propertyPath: m_IsActive
      value: 1
      objectReference: {fileID: 0}
    m_RemovedComponents: []
  m_ParentPrefab: {fileID: 100100000, guid: b75d39fb59e3ce94eba8d6870551ec92, type: 2}
  m_IsPrefabParent: 0
--- !u!1 &71647684
GameObject:
  m_ObjectHideFlags: 0
  m_PrefabParentObject: {fileID: 1838397408810348, guid: f47ab5e5f3365524dada26af0e2be09f,
    type: 2}
  m_PrefabInternal: {fileID: 0}
  serializedVersion: 5
  m_Component:
  - component: {fileID: 71647685}
  - component: {fileID: 71647687}
  - component: {fileID: 71647686}
  m_Layer: 0
  m_Name: pCube3
  m_TagString: Untagged
  m_Icon: {fileID: 0}
  m_NavMeshLayer: 0
  m_StaticEditorFlags: 0
  m_IsActive: 1
--- !u!4 &71647685
Transform:
  m_ObjectHideFlags: 0
  m_PrefabParentObject: {fileID: 4809238962802584, guid: f47ab5e5f3365524dada26af0e2be09f,
    type: 2}
  m_PrefabInternal: {fileID: 0}
  m_GameObject: {fileID: 71647684}
  m_LocalRotation: {x: 0, y: -0, z: -0, w: 1}
  m_LocalPosition: {x: -0, y: 0, z: 0}
  m_LocalScale: {x: 1, y: 1, z: 1}
  m_Children: []
  m_Father: {fileID: 1339829080}
  m_RootOrder: 1
  m_LocalEulerAnglesHint: {x: 0, y: 0, z: 0}
--- !u!23 &71647686
MeshRenderer:
  m_ObjectHideFlags: 0
  m_PrefabParentObject: {fileID: 23287110827884334, guid: f47ab5e5f3365524dada26af0e2be09f,
    type: 2}
  m_PrefabInternal: {fileID: 0}
  m_GameObject: {fileID: 71647684}
  m_Enabled: 1
  m_CastShadows: 1
  m_ReceiveShadows: 1
  m_DynamicOccludee: 1
  m_MotionVectors: 1
  m_LightProbeUsage: 1
  m_ReflectionProbeUsage: 1
  m_Materials:
  - {fileID: 2100000, guid: 23b0d1710cec3dc44827922d4cceaad1, type: 2}
  m_StaticBatchInfo:
    firstSubMesh: 0
    subMeshCount: 0
  m_StaticBatchRoot: {fileID: 0}
  m_ProbeAnchor: {fileID: 0}
  m_LightProbeVolumeOverride: {fileID: 0}
  m_ScaleInLightmap: 1
  m_PreserveUVs: 0
  m_IgnoreNormalsForChartDetection: 0
  m_ImportantGI: 0
  m_StitchLightmapSeams: 0
  m_SelectedEditorRenderState: 3
  m_MinimumChartSize: 4
  m_AutoUVMaxDistance: 0.5
  m_AutoUVMaxAngle: 89
  m_LightmapParameters: {fileID: 0}
  m_SortingLayerID: 0
  m_SortingLayer: 0
  m_SortingOrder: 0
--- !u!33 &71647687
MeshFilter:
  m_ObjectHideFlags: 0
  m_PrefabParentObject: {fileID: 33099406808919552, guid: f47ab5e5f3365524dada26af0e2be09f,
    type: 2}
  m_PrefabInternal: {fileID: 0}
  m_GameObject: {fileID: 71647684}
  m_Mesh: {fileID: 4300004, guid: 6617184d414599146a595f68c3651dfa, type: 3}
--- !u!4 &157409776 stripped
Transform:
  m_PrefabParentObject: {fileID: 4200828166014512, guid: 8f02684677e596d4aac857e7390614cb,
    type: 2}
  m_PrefabInternal: {fileID: 2074859792}
--- !u!1 &169711140
GameObject:
  m_ObjectHideFlags: 0
  m_PrefabParentObject: {fileID: 1328545397349720, guid: f47ab5e5f3365524dada26af0e2be09f,
    type: 2}
  m_PrefabInternal: {fileID: 0}
  serializedVersion: 5
  m_Component:
  - component: {fileID: 169711141}
  - component: {fileID: 169711143}
  - component: {fileID: 169711142}
  m_Layer: 0
  m_Name: pCube4
  m_TagString: Untagged
  m_Icon: {fileID: 0}
  m_NavMeshLayer: 0
  m_StaticEditorFlags: 0
  m_IsActive: 1
--- !u!4 &169711141
Transform:
  m_ObjectHideFlags: 0
  m_PrefabParentObject: {fileID: 4713564198135600, guid: f47ab5e5f3365524dada26af0e2be09f,
    type: 2}
  m_PrefabInternal: {fileID: 0}
  m_GameObject: {fileID: 169711140}
  m_LocalRotation: {x: 0, y: -0, z: -0, w: 1}
  m_LocalPosition: {x: -0, y: 0, z: 0}
  m_LocalScale: {x: 1, y: 1, z: 1}
  m_Children: []
  m_Father: {fileID: 1339829080}
  m_RootOrder: 2
  m_LocalEulerAnglesHint: {x: 0, y: 0, z: 0}
--- !u!23 &169711142
MeshRenderer:
  m_ObjectHideFlags: 0
  m_PrefabParentObject: {fileID: 23578071588494046, guid: f47ab5e5f3365524dada26af0e2be09f,
    type: 2}
  m_PrefabInternal: {fileID: 0}
  m_GameObject: {fileID: 169711140}
  m_Enabled: 1
  m_CastShadows: 1
  m_ReceiveShadows: 1
  m_DynamicOccludee: 1
  m_MotionVectors: 1
  m_LightProbeUsage: 1
  m_ReflectionProbeUsage: 1
  m_Materials:
  - {fileID: 2100000, guid: 23b0d1710cec3dc44827922d4cceaad1, type: 2}
  m_StaticBatchInfo:
    firstSubMesh: 0
    subMeshCount: 0
  m_StaticBatchRoot: {fileID: 0}
  m_ProbeAnchor: {fileID: 0}
  m_LightProbeVolumeOverride: {fileID: 0}
  m_ScaleInLightmap: 1
  m_PreserveUVs: 0
  m_IgnoreNormalsForChartDetection: 0
  m_ImportantGI: 0
  m_StitchLightmapSeams: 0
  m_SelectedEditorRenderState: 3
  m_MinimumChartSize: 4
  m_AutoUVMaxDistance: 0.5
  m_AutoUVMaxAngle: 89
  m_LightmapParameters: {fileID: 0}
  m_SortingLayerID: 0
  m_SortingLayer: 0
  m_SortingOrder: 0
--- !u!33 &169711143
MeshFilter:
  m_ObjectHideFlags: 0
  m_PrefabParentObject: {fileID: 33902820544224974, guid: f47ab5e5f3365524dada26af0e2be09f,
    type: 2}
  m_PrefabInternal: {fileID: 0}
  m_GameObject: {fileID: 169711140}
  m_Mesh: {fileID: 4300006, guid: 6617184d414599146a595f68c3651dfa, type: 3}
--- !u!1 &200213822
GameObject:
  m_ObjectHideFlags: 0
  m_PrefabParentObject: {fileID: 1992103644555468, guid: 8ecfb59df50314c488c3cff8043f9bb1,
    type: 2}
  m_PrefabInternal: {fileID: 0}
  serializedVersion: 5
  m_Component:
  - component: {fileID: 200213826}
  - component: {fileID: 200213825}
  - component: {fileID: 200213824}
  - component: {fileID: 200213823}
  - component: {fileID: 1199862612}
  m_Layer: 0
  m_Name: Beacon
  m_TagString: Untagged
  m_Icon: {fileID: 0}
  m_NavMeshLayer: 0
  m_StaticEditorFlags: 0
  m_IsActive: 1
--- !u!23 &200213823
MeshRenderer:
  m_ObjectHideFlags: 0
  m_PrefabParentObject: {fileID: 23723488938868000, guid: 8ecfb59df50314c488c3cff8043f9bb1,
    type: 2}
  m_PrefabInternal: {fileID: 0}
  m_GameObject: {fileID: 200213822}
  m_Enabled: 1
  m_CastShadows: 1
  m_ReceiveShadows: 1
  m_DynamicOccludee: 1
  m_MotionVectors: 1
  m_LightProbeUsage: 1
  m_ReflectionProbeUsage: 1
  m_Materials:
  - {fileID: 2100000, guid: 54b2f97b6c1394c40ac127bec72a7225, type: 2}
  m_StaticBatchInfo:
    firstSubMesh: 0
    subMeshCount: 0
  m_StaticBatchRoot: {fileID: 0}
  m_ProbeAnchor: {fileID: 0}
  m_LightProbeVolumeOverride: {fileID: 0}
  m_ScaleInLightmap: 1
  m_PreserveUVs: 1
  m_IgnoreNormalsForChartDetection: 0
  m_ImportantGI: 0
  m_StitchLightmapSeams: 0
  m_SelectedEditorRenderState: 3
  m_MinimumChartSize: 4
  m_AutoUVMaxDistance: 0.5
  m_AutoUVMaxAngle: 89
  m_LightmapParameters: {fileID: 0}
  m_SortingLayerID: 0
  m_SortingLayer: 0
  m_SortingOrder: 0
--- !u!135 &200213824
SphereCollider:
  m_ObjectHideFlags: 0
  m_PrefabParentObject: {fileID: 135860984648016082, guid: 8ecfb59df50314c488c3cff8043f9bb1,
    type: 2}
  m_PrefabInternal: {fileID: 0}
  m_GameObject: {fileID: 200213822}
  m_Material: {fileID: 0}
  m_IsTrigger: 0
  m_Enabled: 0
  serializedVersion: 2
  m_Radius: 0.5
  m_Center: {x: 0, y: 0, z: 0}
--- !u!33 &200213825
MeshFilter:
  m_ObjectHideFlags: 0
  m_PrefabParentObject: {fileID: 33830068440166572, guid: 8ecfb59df50314c488c3cff8043f9bb1,
    type: 2}
  m_PrefabInternal: {fileID: 0}
  m_GameObject: {fileID: 200213822}
  m_Mesh: {fileID: 10207, guid: 0000000000000000e000000000000000, type: 0}
--- !u!4 &200213826
Transform:
  m_ObjectHideFlags: 0
  m_PrefabParentObject: {fileID: 4245686866927654, guid: 8ecfb59df50314c488c3cff8043f9bb1,
    type: 2}
  m_PrefabInternal: {fileID: 0}
  m_GameObject: {fileID: 200213822}
  m_LocalRotation: {x: 0, y: 0, z: 0, w: 1}
  m_LocalPosition: {x: 0, y: 0, z: 0}
  m_LocalScale: {x: 0.1, y: 0.1, z: 0.1}
  m_Children:
  - {fileID: 1741625342}
  - {fileID: 346276858}
  m_Father: {fileID: 0}
  m_RootOrder: 2
  m_LocalEulerAnglesHint: {x: 0, y: 0, z: 0}
--- !u!1 &220398835 stripped
GameObject:
  m_PrefabParentObject: {fileID: 1080693280775724, guid: 8f02684677e596d4aac857e7390614cb,
    type: 2}
  m_PrefabInternal: {fileID: 2074859792}
--- !u!114 &220398836
MonoBehaviour:
  m_ObjectHideFlags: 0
  m_PrefabParentObject: {fileID: 0}
  m_PrefabInternal: {fileID: 0}
  m_GameObject: {fileID: 220398835}
  m_Enabled: 1
  m_EditorHideFlags: 0
  m_Script: {fileID: 11500000, guid: 671de8ba7fe6844e9a248aebfff2f96e, type: 3}
  m_Name: 
  m_EditorClassIdentifier: 
  ActivatePressUpEvent:
    m_PersistentCalls:
      m_Calls: []
    m_TypeName: UnityEngine.Events.UnityEvent, UnityEngine.CoreModule, Version=0.0.0.0,
      Culture=neutral, PublicKeyToken=null
  ControlPressUpEvent:
    m_PersistentCalls:
      m_Calls: []
    m_TypeName: UnityEngine.Events.UnityEvent, UnityEngine.CoreModule, Version=0.0.0.0,
      Culture=neutral, PublicKeyToken=null
--- !u!54 &220398837
Rigidbody:
  m_ObjectHideFlags: 0
  m_PrefabParentObject: {fileID: 0}
  m_PrefabInternal: {fileID: 0}
  m_GameObject: {fileID: 220398835}
  serializedVersion: 2
  m_Mass: 1
  m_Drag: 0
  m_AngularDrag: 0.05
  m_UseGravity: 0
  m_IsKinematic: 1
  m_Interpolate: 0
  m_Constraints: 126
  m_CollisionDetection: 0
--- !u!1 &230358681
GameObject:
  m_ObjectHideFlags: 0
  m_PrefabParentObject: {fileID: 0}
  m_PrefabInternal: {fileID: 0}
  serializedVersion: 5
  m_Component:
  - component: {fileID: 230358682}
  m_Layer: 0
  m_Name: End
  m_TagString: Untagged
  m_Icon: {fileID: -6431860639581277017, guid: 0000000000000000d000000000000000, type: 0}
  m_NavMeshLayer: 0
  m_StaticEditorFlags: 0
  m_IsActive: 1
--- !u!4 &230358682
Transform:
  m_ObjectHideFlags: 0
  m_PrefabParentObject: {fileID: 0}
  m_PrefabInternal: {fileID: 0}
  m_GameObject: {fileID: 230358681}
  m_LocalRotation: {x: 0, y: 0, z: 0, w: 1}
  m_LocalPosition: {x: 0, y: 0.661, z: 0}
  m_LocalScale: {x: 1, y: 1, z: 1}
  m_Children: []
  m_Father: {fileID: 1560659558}
  m_RootOrder: 1
  m_LocalEulerAnglesHint: {x: 0, y: 0, z: 0}
--- !u!4 &264394788 stripped
Transform:
  m_PrefabParentObject: {fileID: 4858781226801752, guid: 5ad84412e28f9422984577ae9c5a74b1,
    type: 2}
  m_PrefabInternal: {fileID: 320115479}
--- !u!114 &269035301 stripped
MonoBehaviour:
  m_PrefabParentObject: {fileID: 114912786001769954, guid: 81c9ccc704afc0449a1ba096dd7411d1,
    type: 2}
  m_PrefabInternal: {fileID: 1505211118}
  m_Script: {fileID: 708705254, guid: f5f67c52d1564df4a8936ccd202a3bd8, type: 3}
--- !u!1001 &320115479
Prefab:
  m_ObjectHideFlags: 0
  serializedVersion: 2
  m_Modification:
    m_TransformParent: {fileID: 157409776}
    m_Modifications:
    - target: {fileID: 114603732492907150, guid: 5ad84412e28f9422984577ae9c5a74b1,
        type: 2}
      propertyPath: wave.Array.size
      value: 3
      objectReference: {fileID: 0}
    - target: {fileID: 4858781226801752, guid: 5ad84412e28f9422984577ae9c5a74b1, type: 2}
      propertyPath: m_LocalPosition.x
      value: 0
      objectReference: {fileID: 0}
    - target: {fileID: 4858781226801752, guid: 5ad84412e28f9422984577ae9c5a74b1, type: 2}
      propertyPath: m_LocalPosition.y
      value: 0
      objectReference: {fileID: 0}
    - target: {fileID: 4858781226801752, guid: 5ad84412e28f9422984577ae9c5a74b1, type: 2}
      propertyPath: m_LocalPosition.z
      value: 0.225
      objectReference: {fileID: 0}
    - target: {fileID: 4858781226801752, guid: 5ad84412e28f9422984577ae9c5a74b1, type: 2}
      propertyPath: m_LocalRotation.x
      value: 0.7071068
      objectReference: {fileID: 0}
    - target: {fileID: 4858781226801752, guid: 5ad84412e28f9422984577ae9c5a74b1, type: 2}
      propertyPath: m_LocalRotation.y
      value: -0
      objectReference: {fileID: 0}
    - target: {fileID: 4858781226801752, guid: 5ad84412e28f9422984577ae9c5a74b1, type: 2}
      propertyPath: m_LocalRotation.z
      value: -0
      objectReference: {fileID: 0}
    - target: {fileID: 4858781226801752, guid: 5ad84412e28f9422984577ae9c5a74b1, type: 2}
      propertyPath: m_LocalRotation.w
      value: 0.7071068
      objectReference: {fileID: 0}
    - target: {fileID: 4858781226801752, guid: 5ad84412e28f9422984577ae9c5a74b1, type: 2}
      propertyPath: m_RootOrder
      value: 1
      objectReference: {fileID: 0}
    - target: {fileID: 114440959950872856, guid: 5ad84412e28f9422984577ae9c5a74b1,
        type: 2}
      propertyPath: target
      value: 
      objectReference: {fileID: 1914762066}
    - target: {fileID: 114603732492907150, guid: 5ad84412e28f9422984577ae9c5a74b1,
        type: 2}
      propertyPath: wave.Array.data[0]
      value: 
      objectReference: {fileID: 0}
    - target: {fileID: 114603732492907150, guid: 5ad84412e28f9422984577ae9c5a74b1,
        type: 2}
      propertyPath: wave.Array.data[1]
      value: 
      objectReference: {fileID: 0}
    - target: {fileID: 114603732492907150, guid: 5ad84412e28f9422984577ae9c5a74b1,
        type: 2}
      propertyPath: wave.Array.data[2]
      value: 
      objectReference: {fileID: 0}
    - target: {fileID: 4328258284456496, guid: 5ad84412e28f9422984577ae9c5a74b1, type: 2}
      propertyPath: m_RootOrder
      value: 0
      objectReference: {fileID: 0}
    - target: {fileID: 114440959950872856, guid: 5ad84412e28f9422984577ae9c5a74b1,
        type: 2}
      propertyPath: MaxPower
      value: 0.5
      objectReference: {fileID: 0}
    - target: {fileID: 114603732492907150, guid: 5ad84412e28f9422984577ae9c5a74b1,
        type: 2}
      propertyPath: rb
      value: 
      objectReference: {fileID: 0}
    - target: {fileID: 4630315812091546, guid: 5ad84412e28f9422984577ae9c5a74b1, type: 2}
      propertyPath: m_RootOrder
      value: 0
      objectReference: {fileID: 0}
    - target: {fileID: 114603732492907150, guid: 5ad84412e28f9422984577ae9c5a74b1,
        type: 2}
      propertyPath: m_Enabled
      value: 1
      objectReference: {fileID: 0}
    - target: {fileID: 114603732492907150, guid: 5ad84412e28f9422984577ae9c5a74b1,
        type: 2}
      propertyPath: tmp1
      value: 
      objectReference: {fileID: 264394788}
    - target: {fileID: 114603732492907150, guid: 5ad84412e28f9422984577ae9c5a74b1,
        type: 2}
      propertyPath: tmp2
      value: 
      objectReference: {fileID: 405293894}
    - target: {fileID: 4263246304749078, guid: 5ad84412e28f9422984577ae9c5a74b1, type: 2}
      propertyPath: m_RootOrder
      value: 0
      objectReference: {fileID: 0}
    - target: {fileID: 114603732492907150, guid: 5ad84412e28f9422984577ae9c5a74b1,
        type: 2}
      propertyPath: configurableJoint
      value: 
      objectReference: {fileID: 0}
    - target: {fileID: 114603732492907150, guid: 5ad84412e28f9422984577ae9c5a74b1,
        type: 2}
      propertyPath: start
      value: 
      objectReference: {fileID: 468932968}
    - target: {fileID: 114603732492907150, guid: 5ad84412e28f9422984577ae9c5a74b1,
        type: 2}
      propertyPath: end
      value: 
      objectReference: {fileID: 955679920}
    - target: {fileID: 114603732492907150, guid: 5ad84412e28f9422984577ae9c5a74b1,
        type: 2}
      propertyPath: rg
      value: 
      objectReference: {fileID: 0}
    - target: {fileID: 114603732492907150, guid: 5ad84412e28f9422984577ae9c5a74b1,
        type: 2}
      propertyPath: cableComponent
      value: 
      objectReference: {fileID: 468932971}
    - target: {fileID: 137056319236326368, guid: 5ad84412e28f9422984577ae9c5a74b1,
        type: 2}
      propertyPath: m_Materials.Array.data[0]
      value: 
      objectReference: {fileID: 2100000, guid: b1d7ee32368024b35b4e0f60839e03de, type: 2}
    - target: {fileID: 1268856818291678, guid: 5ad84412e28f9422984577ae9c5a74b1, type: 2}
      propertyPath: m_Name
      value: FishingRodController
      objectReference: {fileID: 0}
    - target: {fileID: 1268856818291678, guid: 5ad84412e28f9422984577ae9c5a74b1, type: 2}
      propertyPath: m_Icon
      value: 
      objectReference: {fileID: 0}
    - target: {fileID: 4858781226801752, guid: 5ad84412e28f9422984577ae9c5a74b1, type: 2}
      propertyPath: m_LocalScale.x
      value: 0.625
      objectReference: {fileID: 0}
    - target: {fileID: 4858781226801752, guid: 5ad84412e28f9422984577ae9c5a74b1, type: 2}
      propertyPath: m_LocalScale.z
      value: 0.625
      objectReference: {fileID: 0}
    - target: {fileID: 4435249723409808, guid: 5ad84412e28f9422984577ae9c5a74b1, type: 2}
      propertyPath: m_LocalPosition.y
      value: 4
      objectReference: {fileID: 0}
    - target: {fileID: 4435249723409808, guid: 5ad84412e28f9422984577ae9c5a74b1, type: 2}
      propertyPath: m_LocalPosition.z
      value: -0
      objectReference: {fileID: 0}
    - target: {fileID: 1268856818291678, guid: 5ad84412e28f9422984577ae9c5a74b1, type: 2}
      propertyPath: m_IsActive
      value: 0
      objectReference: {fileID: 0}
    m_RemovedComponents:
    - {fileID: 114603732492907150, guid: 5ad84412e28f9422984577ae9c5a74b1, type: 2}
    - {fileID: 54167001607532376, guid: 5ad84412e28f9422984577ae9c5a74b1, type: 2}
  m_ParentPrefab: {fileID: 100100000, guid: 5ad84412e28f9422984577ae9c5a74b1, type: 2}
  m_IsPrefabParent: 0
--- !u!4 &346276858 stripped
Transform:
  m_PrefabParentObject: {fileID: 4168516228200370, guid: f47ab5e5f3365524dada26af0e2be09f,
    type: 2}
  m_PrefabInternal: {fileID: 587613101}
--- !u!114 &346276860 stripped
MonoBehaviour:
  m_PrefabParentObject: {fileID: 114980295369680622, guid: f47ab5e5f3365524dada26af0e2be09f,
    type: 2}
  m_PrefabInternal: {fileID: 587613101}
  m_Script: {fileID: 11500000, guid: b09c635e1537f4063aee351edb15a4c9, type: 3}
--- !u!95 &346276861 stripped
Animator:
  m_PrefabParentObject: {fileID: 95459873474119116, guid: f47ab5e5f3365524dada26af0e2be09f,
    type: 2}
  m_PrefabInternal: {fileID: 587613101}
--- !u!4 &369029351 stripped
Transform:
  m_PrefabParentObject: {fileID: 4193374088117136, guid: f47ab5e5f3365524dada26af0e2be09f,
    type: 2}
  m_PrefabInternal: {fileID: 587613101}
--- !u!1 &370350243
GameObject:
  m_ObjectHideFlags: 0
  m_PrefabParentObject: {fileID: 1631649031104468, guid: f47ab5e5f3365524dada26af0e2be09f,
    type: 2}
  m_PrefabInternal: {fileID: 0}
  serializedVersion: 5
  m_Component:
  - component: {fileID: 370350244}
  - component: {fileID: 370350246}
  - component: {fileID: 370350245}
  m_Layer: 0
  m_Name: pCylinder1
  m_TagString: Untagged
  m_Icon: {fileID: 0}
  m_NavMeshLayer: 0
  m_StaticEditorFlags: 0
  m_IsActive: 1
--- !u!4 &370350244
Transform:
  m_ObjectHideFlags: 0
  m_PrefabParentObject: {fileID: 4274124188316034, guid: f47ab5e5f3365524dada26af0e2be09f,
    type: 2}
  m_PrefabInternal: {fileID: 0}
  m_GameObject: {fileID: 370350243}
  m_LocalRotation: {x: 0, y: -0, z: -0, w: 1}
  m_LocalPosition: {x: -0, y: 0, z: 0}
  m_LocalScale: {x: 1, y: 1, z: 1}
  m_Children: []
  m_Father: {fileID: 1339829080}
  m_RootOrder: 5
  m_LocalEulerAnglesHint: {x: 0, y: 0, z: 0}
--- !u!23 &370350245
MeshRenderer:
  m_ObjectHideFlags: 0
  m_PrefabParentObject: {fileID: 23136475517994208, guid: f47ab5e5f3365524dada26af0e2be09f,
    type: 2}
  m_PrefabInternal: {fileID: 0}
  m_GameObject: {fileID: 370350243}
  m_Enabled: 1
  m_CastShadows: 1
  m_ReceiveShadows: 1
  m_DynamicOccludee: 1
  m_MotionVectors: 1
  m_LightProbeUsage: 1
  m_ReflectionProbeUsage: 1
  m_Materials:
  - {fileID: 2100000, guid: 23b0d1710cec3dc44827922d4cceaad1, type: 2}
  m_StaticBatchInfo:
    firstSubMesh: 0
    subMeshCount: 0
  m_StaticBatchRoot: {fileID: 0}
  m_ProbeAnchor: {fileID: 0}
  m_LightProbeVolumeOverride: {fileID: 0}
  m_ScaleInLightmap: 1
  m_PreserveUVs: 0
  m_IgnoreNormalsForChartDetection: 0
  m_ImportantGI: 0
  m_StitchLightmapSeams: 0
  m_SelectedEditorRenderState: 3
  m_MinimumChartSize: 4
  m_AutoUVMaxDistance: 0.5
  m_AutoUVMaxAngle: 89
  m_LightmapParameters: {fileID: 0}
  m_SortingLayerID: 0
  m_SortingLayer: 0
  m_SortingOrder: 0
--- !u!33 &370350246
MeshFilter:
  m_ObjectHideFlags: 0
  m_PrefabParentObject: {fileID: 33568573492369900, guid: f47ab5e5f3365524dada26af0e2be09f,
    type: 2}
  m_PrefabInternal: {fileID: 0}
  m_GameObject: {fileID: 370350243}
  m_Mesh: {fileID: 4300000, guid: 6617184d414599146a595f68c3651dfa, type: 3}
--- !u!1 &396243465 stripped
GameObject:
  m_PrefabParentObject: {fileID: 1195519807349930, guid: f47ab5e5f3365524dada26af0e2be09f,
    type: 2}
  m_PrefabInternal: {fileID: 587613101}
--- !u!4 &396243466 stripped
Transform:
  m_PrefabParentObject: {fileID: 4368616189947468, guid: f47ab5e5f3365524dada26af0e2be09f,
    type: 2}
  m_PrefabInternal: {fileID: 587613101}
--- !u!114 &396243468
MonoBehaviour:
  m_ObjectHideFlags: 0
  m_PrefabParentObject: {fileID: 0}
  m_PrefabInternal: {fileID: 0}
  m_GameObject: {fileID: 396243465}
  m_Enabled: 1
  m_EditorHideFlags: 0
  m_Script: {fileID: 11500000, guid: c566f3dee6928455c92a54acf21cb305, type: 3}
  m_Name: 
  m_EditorClassIdentifier: 
  hatPos: {fileID: 369029351}
  head: {fileID: 2065712294}
--- !u!1 &405293888
GameObject:
  m_ObjectHideFlags: 0
  m_PrefabParentObject: {fileID: 0}
  m_PrefabInternal: {fileID: 0}
  serializedVersion: 5
  m_Component:
  - component: {fileID: 405293894}
  - component: {fileID: 405293893}
  - component: {fileID: 405293891}
  - component: {fileID: 405293890}
  - component: {fileID: 405293889}
  - component: {fileID: 405293892}
  m_Layer: 0
  m_Name: InertiaController
  m_TagString: Untagged
  m_Icon: {fileID: 0}
  m_NavMeshLayer: 0
  m_StaticEditorFlags: 0
  m_IsActive: 1
--- !u!153 &405293889
ConfigurableJoint:
  m_ObjectHideFlags: 0
  m_PrefabParentObject: {fileID: 0}
  m_PrefabInternal: {fileID: 0}
  m_GameObject: {fileID: 405293888}
  m_ConnectedBody: {fileID: 220398837}
  m_Anchor: {x: 0, y: 0, z: -0.49}
  m_Axis: {x: 1, y: 0, z: 0}
  m_AutoConfigureConnectedAnchor: 0
  m_ConnectedAnchor: {x: 0, y: 0, z: -0.42}
  serializedVersion: 2
  m_SecondaryAxis: {x: 0, y: 1, z: 0}
  m_XMotion: 0
  m_YMotion: 0
  m_ZMotion: 0
  m_AngularXMotion: 2
  m_AngularYMotion: 2
  m_AngularZMotion: 0
  m_LinearLimitSpring:
    spring: 0
    damper: 0
  m_LinearLimit:
    limit: 0
    bounciness: 0
    contactDistance: 0
  m_AngularXLimitSpring:
    spring: 0
    damper: 0
  m_LowAngularXLimit:
    limit: 0
    bounciness: 0
    contactDistance: 0
  m_HighAngularXLimit:
    limit: 0
    bounciness: 0
    contactDistance: 0
  m_AngularYZLimitSpring:
    spring: 0
    damper: 0
  m_AngularYLimit:
    limit: 0
    bounciness: 0
    contactDistance: 0
  m_AngularZLimit:
    limit: 0
    bounciness: 0
    contactDistance: 0
  m_TargetPosition: {x: 0, y: 0, z: 0}
  m_TargetVelocity: {x: 0, y: 0, z: 0}
  m_XDrive:
    serializedVersion: 3
    positionSpring: 0
    positionDamper: 0
    maximumForce: 3.4028233e+38
  m_YDrive:
    serializedVersion: 3
    positionSpring: 0
    positionDamper: 0
    maximumForce: 3.4028233e+38
  m_ZDrive:
    serializedVersion: 3
    positionSpring: 0
    positionDamper: 0
    maximumForce: 3.4028233e+38
  m_TargetRotation: {x: 0, y: 0, z: 0, w: 1}
  m_TargetAngularVelocity: {x: 0, y: 0, z: 0}
  m_RotationDriveMode: 0
  m_AngularXDrive:
    serializedVersion: 3
    positionSpring: 0
    positionDamper: 0
    maximumForce: 3.4028233e+38
  m_AngularYZDrive:
    serializedVersion: 3
    positionSpring: 0
    positionDamper: 0
    maximumForce: 3.4028233e+38
  m_SlerpDrive:
    serializedVersion: 3
    positionSpring: 0
    positionDamper: 0
    maximumForce: 3.4028233e+38
  m_ProjectionMode: 0
  m_ProjectionDistance: 0.1
  m_ProjectionAngle: 180
  m_ConfiguredInWorldSpace: 0
  m_SwapBodies: 0
  m_BreakForce: Infinity
  m_BreakTorque: Infinity
  m_EnableCollision: 0
  m_EnablePreprocessing: 1
  m_MassScale: 1
  m_ConnectedMassScale: 1
--- !u!54 &405293890
Rigidbody:
  m_ObjectHideFlags: 0
  m_PrefabParentObject: {fileID: 0}
  m_PrefabInternal: {fileID: 0}
  m_GameObject: {fileID: 405293888}
  serializedVersion: 2
  m_Mass: 1
  m_Drag: 15
  m_AngularDrag: 0.05
  m_UseGravity: 1
  m_IsKinematic: 0
  m_Interpolate: 0
  m_Constraints: 0
  m_CollisionDetection: 0
--- !u!23 &405293891
MeshRenderer:
  m_ObjectHideFlags: 0
  m_PrefabParentObject: {fileID: 0}
  m_PrefabInternal: {fileID: 0}
  m_GameObject: {fileID: 405293888}
  m_Enabled: 0
  m_CastShadows: 1
  m_ReceiveShadows: 1
  m_DynamicOccludee: 0
  m_MotionVectors: 1
  m_LightProbeUsage: 1
  m_ReflectionProbeUsage: 1
  m_Materials:
  - {fileID: 10303, guid: 0000000000000000f000000000000000, type: 0}
  m_StaticBatchInfo:
    firstSubMesh: 0
    subMeshCount: 0
  m_StaticBatchRoot: {fileID: 0}
  m_ProbeAnchor: {fileID: 0}
  m_LightProbeVolumeOverride: {fileID: 0}
  m_ScaleInLightmap: 1
  m_PreserveUVs: 1
  m_IgnoreNormalsForChartDetection: 0
  m_ImportantGI: 0
  m_StitchLightmapSeams: 0
  m_SelectedEditorRenderState: 3
  m_MinimumChartSize: 4
  m_AutoUVMaxDistance: 0.5
  m_AutoUVMaxAngle: 89
  m_LightmapParameters: {fileID: 0}
  m_SortingLayerID: 0
  m_SortingLayer: 0
  m_SortingOrder: 0
--- !u!153 &405293892
ConfigurableJoint:
  m_ObjectHideFlags: 0
  m_PrefabParentObject: {fileID: 0}
  m_PrefabInternal: {fileID: 0}
  m_GameObject: {fileID: 405293888}
  m_ConnectedBody: {fileID: 220398837}
  m_Anchor: {x: 0, y: 0, z: 0.49}
  m_Axis: {x: 1, y: 0, z: 0}
  m_AutoConfigureConnectedAnchor: 0
  m_ConnectedAnchor: {x: 0, y: 0, z: 2.92}
  serializedVersion: 2
  m_SecondaryAxis: {x: 0, y: 1, z: 0}
  m_XMotion: 2
  m_YMotion: 2
  m_ZMotion: 2
  m_AngularXMotion: 2
  m_AngularYMotion: 2
  m_AngularZMotion: 2
  m_LinearLimitSpring:
    spring: 0
    damper: 0
  m_LinearLimit:
    limit: 0
    bounciness: 0
    contactDistance: 0
  m_AngularXLimitSpring:
    spring: 0
    damper: 0
  m_LowAngularXLimit:
    limit: 0
    bounciness: 0
    contactDistance: 0
  m_HighAngularXLimit:
    limit: 0
    bounciness: 0
    contactDistance: 0
  m_AngularYZLimitSpring:
    spring: 0
    damper: 0
  m_AngularYLimit:
    limit: 0
    bounciness: 0
    contactDistance: 0
  m_AngularZLimit:
    limit: 0
    bounciness: 0
    contactDistance: 0
  m_TargetPosition: {x: 0, y: 0, z: 0}
  m_TargetVelocity: {x: 0, y: 0, z: 0}
  m_XDrive:
    serializedVersion: 3
    positionSpring: 200
    positionDamper: 1
    maximumForce: 3.4028233e+38
  m_YDrive:
    serializedVersion: 3
    positionSpring: 200
    positionDamper: 0
    maximumForce: 3.4028233e+38
  m_ZDrive:
    serializedVersion: 3
    positionSpring: 200
    positionDamper: 1
    maximumForce: 3.4028233e+38
  m_TargetRotation: {x: 0, y: 0, z: 0, w: 1}
  m_TargetAngularVelocity: {x: 0, y: 0, z: 0}
  m_RotationDriveMode: 0
  m_AngularXDrive:
    serializedVersion: 3
    positionSpring: 0
    positionDamper: 0
    maximumForce: 3.4028233e+38
  m_AngularYZDrive:
    serializedVersion: 3
    positionSpring: 0
    positionDamper: 0
    maximumForce: 3.4028233e+38
  m_SlerpDrive:
    serializedVersion: 3
    positionSpring: 0
    positionDamper: 0
    maximumForce: 3.4028233e+38
  m_ProjectionMode: 0
  m_ProjectionDistance: 0.1
  m_ProjectionAngle: 180
  m_ConfiguredInWorldSpace: 0
  m_SwapBodies: 0
  m_BreakForce: Infinity
  m_BreakTorque: Infinity
  m_EnableCollision: 0
  m_EnablePreprocessing: 1
  m_MassScale: 1
  m_ConnectedMassScale: 1
--- !u!33 &405293893
MeshFilter:
  m_ObjectHideFlags: 0
  m_PrefabParentObject: {fileID: 0}
  m_PrefabInternal: {fileID: 0}
  m_GameObject: {fileID: 405293888}
  m_Mesh: {fileID: 10202, guid: 0000000000000000e000000000000000, type: 0}
--- !u!4 &405293894
Transform:
  m_ObjectHideFlags: 0
  m_PrefabParentObject: {fileID: 0}
  m_PrefabInternal: {fileID: 0}
  m_GameObject: {fileID: 405293888}
  m_LocalRotation: {x: -0, y: -0, z: -0, w: 1}
  m_LocalPosition: {x: 0, y: 0.5008, z: 1.2142003}
  m_LocalScale: {x: 0.05, y: 0.05000003, z: 3.3700018}
  m_Children:
  - {fileID: 1914762066}
  m_Father: {fileID: 0}
  m_RootOrder: 8
  m_LocalEulerAnglesHint: {x: 0, y: 0, z: 0}
--- !u!1 &451940823
GameObject:
  m_ObjectHideFlags: 0
  m_PrefabParentObject: {fileID: 1596464017388686, guid: f47ab5e5f3365524dada26af0e2be09f,
    type: 2}
  m_PrefabInternal: {fileID: 0}
  serializedVersion: 5
  m_Component:
  - component: {fileID: 451940824}
  - component: {fileID: 451940826}
  - component: {fileID: 451940825}
  m_Layer: 0
  m_Name: pCube6
  m_TagString: Untagged
  m_Icon: {fileID: 0}
  m_NavMeshLayer: 0
  m_StaticEditorFlags: 0
  m_IsActive: 1
--- !u!4 &451940824
Transform:
  m_ObjectHideFlags: 0
  m_PrefabParentObject: {fileID: 4914241614730680, guid: f47ab5e5f3365524dada26af0e2be09f,
    type: 2}
  m_PrefabInternal: {fileID: 0}
  m_GameObject: {fileID: 451940823}
  m_LocalRotation: {x: 0, y: -0, z: -0, w: 1}
  m_LocalPosition: {x: -0, y: 0, z: 0}
  m_LocalScale: {x: 1, y: 1, z: 1}
  m_Children: []
  m_Father: {fileID: 1339829080}
  m_RootOrder: 4
  m_LocalEulerAnglesHint: {x: 0, y: 0, z: 0}
--- !u!23 &451940825
MeshRenderer:
  m_ObjectHideFlags: 0
  m_PrefabParentObject: {fileID: 23279345972506810, guid: f47ab5e5f3365524dada26af0e2be09f,
    type: 2}
  m_PrefabInternal: {fileID: 0}
  m_GameObject: {fileID: 451940823}
  m_Enabled: 1
  m_CastShadows: 1
  m_ReceiveShadows: 1
  m_DynamicOccludee: 1
  m_MotionVectors: 1
  m_LightProbeUsage: 1
  m_ReflectionProbeUsage: 1
  m_Materials:
  - {fileID: 2100000, guid: 23b0d1710cec3dc44827922d4cceaad1, type: 2}
  m_StaticBatchInfo:
    firstSubMesh: 0
    subMeshCount: 0
  m_StaticBatchRoot: {fileID: 0}
  m_ProbeAnchor: {fileID: 0}
  m_LightProbeVolumeOverride: {fileID: 0}
  m_ScaleInLightmap: 1
  m_PreserveUVs: 0
  m_IgnoreNormalsForChartDetection: 0
  m_ImportantGI: 0
  m_StitchLightmapSeams: 0
  m_SelectedEditorRenderState: 3
  m_MinimumChartSize: 4
  m_AutoUVMaxDistance: 0.5
  m_AutoUVMaxAngle: 89
  m_LightmapParameters: {fileID: 0}
  m_SortingLayerID: 0
  m_SortingLayer: 0
  m_SortingOrder: 0
--- !u!33 &451940826
MeshFilter:
  m_ObjectHideFlags: 0
  m_PrefabParentObject: {fileID: 33147204548438320, guid: f47ab5e5f3365524dada26af0e2be09f,
    type: 2}
  m_PrefabInternal: {fileID: 0}
  m_GameObject: {fileID: 451940823}
  m_Mesh: {fileID: 4300010, guid: 6617184d414599146a595f68c3651dfa, type: 3}
--- !u!1 &468932967
GameObject:
  m_ObjectHideFlags: 0
  m_PrefabParentObject: {fileID: 1690103887344102, guid: 79a6200a9fe544dafa39997ee5806bc8,
    type: 2}
  m_PrefabInternal: {fileID: 0}
  serializedVersion: 5
  m_Component:
  - component: {fileID: 468932968}
  - component: {fileID: 468932971}
  - component: {fileID: 468932970}
  - component: {fileID: 468932969}
  m_Layer: 0
  m_Name: Cable_start
  m_TagString: Untagged
  m_Icon: {fileID: 0}
  m_NavMeshLayer: 0
  m_StaticEditorFlags: 0
  m_IsActive: 1
--- !u!4 &468932968
Transform:
  m_ObjectHideFlags: 0
  m_PrefabParentObject: {fileID: 4568677741478976, guid: 79a6200a9fe544dafa39997ee5806bc8,
    type: 2}
  m_PrefabInternal: {fileID: 0}
  m_GameObject: {fileID: 468932967}
  m_LocalRotation: {x: 0, y: 0, z: 0, w: 1}
  m_LocalPosition: {x: 0, y: -1.5, z: -0.23}
  m_LocalScale: {x: 1, y: 1, z: 1}
  m_Children:
  - {fileID: 1207224461}
  - {fileID: 955679920}
  m_Father: {fileID: 2099807900}
  m_RootOrder: 0
  m_LocalEulerAnglesHint: {x: 0, y: 0, z: 0}
--- !u!153 &468932969
ConfigurableJoint:
  m_ObjectHideFlags: 0
  m_PrefabParentObject: {fileID: 0}
  m_PrefabInternal: {fileID: 0}
  m_GameObject: {fileID: 468932967}
  m_ConnectedBody: {fileID: 955679916}
  m_Anchor: {x: 0, y: 0.5, z: 0}
  m_Axis: {x: 0, y: 0, z: 0}
  m_AutoConfigureConnectedAnchor: 1
  m_ConnectedAnchor: {x: 0, y: 0.10112494, z: 0.025000488}
  serializedVersion: 2
  m_SecondaryAxis: {x: 0, y: 1, z: 0}
  m_XMotion: 1
  m_YMotion: 1
  m_ZMotion: 1
  m_AngularXMotion: 2
  m_AngularYMotion: 2
  m_AngularZMotion: 2
  m_LinearLimitSpring:
    spring: 0
    damper: 0
  m_LinearLimit:
    limit: 2
    bounciness: 0
    contactDistance: 0
  m_AngularXLimitSpring:
    spring: 0
    damper: 0
  m_LowAngularXLimit:
    limit: 0
    bounciness: 0
    contactDistance: 0
  m_HighAngularXLimit:
    limit: 0
    bounciness: 0
    contactDistance: 0
  m_AngularYZLimitSpring:
    spring: 0
    damper: 0
  m_AngularYLimit:
    limit: 0
    bounciness: 0
    contactDistance: 0
  m_AngularZLimit:
    limit: 0
    bounciness: 0
    contactDistance: 0
  m_TargetPosition: {x: 0, y: 0, z: 0}
  m_TargetVelocity: {x: 0, y: 0, z: 0}
  m_XDrive:
    serializedVersion: 3
    positionSpring: 5
    positionDamper: 0
    maximumForce: 3.4028233e+38
  m_YDrive:
    serializedVersion: 3
    positionSpring: 5
    positionDamper: 0
    maximumForce: 3.4028233e+38
  m_ZDrive:
    serializedVersion: 3
    positionSpring: 5
    positionDamper: 0
    maximumForce: 3.4028233e+38
  m_TargetRotation: {x: 0, y: 0, z: 0, w: 1}
  m_TargetAngularVelocity: {x: 0, y: 0, z: 0}
  m_RotationDriveMode: 0
  m_AngularXDrive:
    serializedVersion: 3
    positionSpring: 50
    positionDamper: 0
    maximumForce: 3.4028233e+38
  m_AngularYZDrive:
    serializedVersion: 3
    positionSpring: 50
    positionDamper: 0
    maximumForce: 3.4028233e+38
  m_SlerpDrive:
    serializedVersion: 3
    positionSpring: 0
    positionDamper: 0
    maximumForce: 3.4028233e+38
  m_ProjectionMode: 0
  m_ProjectionDistance: 0.1
  m_ProjectionAngle: 180
  m_ConfiguredInWorldSpace: 0
  m_SwapBodies: 0
  m_BreakForce: Infinity
  m_BreakTorque: Infinity
  m_EnableCollision: 0
  m_EnablePreprocessing: 1
  m_MassScale: 1
  m_ConnectedMassScale: 1
--- !u!54 &468932970
Rigidbody:
  m_ObjectHideFlags: 0
  m_PrefabParentObject: {fileID: 54870985471960154, guid: 79a6200a9fe544dafa39997ee5806bc8,
    type: 2}
  m_PrefabInternal: {fileID: 0}
  m_GameObject: {fileID: 468932967}
  serializedVersion: 2
  m_Mass: 1
  m_Drag: 0
  m_AngularDrag: 0.05
  m_UseGravity: 0
  m_IsKinematic: 1
  m_Interpolate: 0
  m_Constraints: 0
  m_CollisionDetection: 0
--- !u!114 &468932971
MonoBehaviour:
  m_ObjectHideFlags: 0
  m_PrefabParentObject: {fileID: 114673100957656816, guid: 79a6200a9fe544dafa39997ee5806bc8,
    type: 2}
  m_PrefabInternal: {fileID: 0}
  m_GameObject: {fileID: 468932967}
  m_Enabled: 1
  m_EditorHideFlags: 0
  m_Script: {fileID: 11500000, guid: a262c1cd876da934d86e2a8ee0089db2, type: 3}
  m_Name: 
  m_EditorClassIdentifier: 
  endPoint: {fileID: 955679920}
  cableMaterial: {fileID: 2100000, guid: e20a2186cc0884c4186cd848b087703e, type: 2}
  cableLength: 1
  totalSegments: 0
  segmentsPerUnit: 6
  cableWidth: 0.015
  verletIterations: 1
  solverIterations: 2
  stiffness: 1
--- !u!114 &487833134 stripped
MonoBehaviour:
  m_PrefabParentObject: {fileID: 114440959950872856, guid: 5ad84412e28f9422984577ae9c5a74b1,
    type: 2}
  m_PrefabInternal: {fileID: 320115479}
  m_Script: {fileID: 11500000, guid: ba5d8e5153a1249c3b150273f8721e5c, type: 3}
--- !u!1 &494508723
GameObject:
  m_ObjectHideFlags: 0
  m_PrefabParentObject: {fileID: 1758626938665994, guid: f47ab5e5f3365524dada26af0e2be09f,
    type: 2}
  m_PrefabInternal: {fileID: 0}
  serializedVersion: 5
  m_Component:
  - component: {fileID: 494508724}
  - component: {fileID: 494508726}
  - component: {fileID: 494508725}
  m_Layer: 0
  m_Name: pCube5
  m_TagString: Untagged
  m_Icon: {fileID: 0}
  m_NavMeshLayer: 0
  m_StaticEditorFlags: 0
  m_IsActive: 1
--- !u!4 &494508724
Transform:
  m_ObjectHideFlags: 0
  m_PrefabParentObject: {fileID: 4961466523860838, guid: f47ab5e5f3365524dada26af0e2be09f,
    type: 2}
  m_PrefabInternal: {fileID: 0}
  m_GameObject: {fileID: 494508723}
  m_LocalRotation: {x: 0, y: -0, z: -0, w: 1}
  m_LocalPosition: {x: -0, y: 0, z: 0}
  m_LocalScale: {x: 1, y: 1, z: 1}
  m_Children: []
  m_Father: {fileID: 1339829080}
  m_RootOrder: 3
  m_LocalEulerAnglesHint: {x: 0, y: 0, z: 0}
--- !u!23 &494508725
MeshRenderer:
  m_ObjectHideFlags: 0
  m_PrefabParentObject: {fileID: 23873904857642610, guid: f47ab5e5f3365524dada26af0e2be09f,
    type: 2}
  m_PrefabInternal: {fileID: 0}
  m_GameObject: {fileID: 494508723}
  m_Enabled: 1
  m_CastShadows: 1
  m_ReceiveShadows: 1
  m_DynamicOccludee: 1
  m_MotionVectors: 1
  m_LightProbeUsage: 1
  m_ReflectionProbeUsage: 1
  m_Materials:
  - {fileID: 2100000, guid: 23b0d1710cec3dc44827922d4cceaad1, type: 2}
  m_StaticBatchInfo:
    firstSubMesh: 0
    subMeshCount: 0
  m_StaticBatchRoot: {fileID: 0}
  m_ProbeAnchor: {fileID: 0}
  m_LightProbeVolumeOverride: {fileID: 0}
  m_ScaleInLightmap: 1
  m_PreserveUVs: 0
  m_IgnoreNormalsForChartDetection: 0
  m_ImportantGI: 0
  m_StitchLightmapSeams: 0
  m_SelectedEditorRenderState: 3
  m_MinimumChartSize: 4
  m_AutoUVMaxDistance: 0.5
  m_AutoUVMaxAngle: 89
  m_LightmapParameters: {fileID: 0}
  m_SortingLayerID: 0
  m_SortingLayer: 0
  m_SortingOrder: 0
--- !u!33 &494508726
MeshFilter:
  m_ObjectHideFlags: 0
  m_PrefabParentObject: {fileID: 33178315784876810, guid: f47ab5e5f3365524dada26af0e2be09f,
    type: 2}
  m_PrefabInternal: {fileID: 0}
  m_GameObject: {fileID: 494508723}
  m_Mesh: {fileID: 4300008, guid: 6617184d414599146a595f68c3651dfa, type: 3}
--- !u!1 &513902130
GameObject:
  m_ObjectHideFlags: 0
  m_PrefabParentObject: {fileID: 1827241453799372, guid: f47ab5e5f3365524dada26af0e2be09f,
    type: 2}
  m_PrefabInternal: {fileID: 0}
  serializedVersion: 5
  m_Component:
  - component: {fileID: 513902131}
  - component: {fileID: 513902133}
  - component: {fileID: 513902132}
  m_Layer: 0
  m_Name: pCube2
  m_TagString: Untagged
  m_Icon: {fileID: 0}
  m_NavMeshLayer: 0
  m_StaticEditorFlags: 0
  m_IsActive: 1
--- !u!4 &513902131
Transform:
  m_ObjectHideFlags: 0
  m_PrefabParentObject: {fileID: 4001470832185180, guid: f47ab5e5f3365524dada26af0e2be09f,
    type: 2}
  m_PrefabInternal: {fileID: 0}
  m_GameObject: {fileID: 513902130}
  m_LocalRotation: {x: 0, y: -0, z: -0, w: 1}
  m_LocalPosition: {x: -0, y: 0, z: 0}
  m_LocalScale: {x: 1, y: 1, z: 1}
  m_Children: []
  m_Father: {fileID: 1339829080}
  m_RootOrder: 0
  m_LocalEulerAnglesHint: {x: 0, y: 0, z: 0}
--- !u!23 &513902132
MeshRenderer:
  m_ObjectHideFlags: 0
  m_PrefabParentObject: {fileID: 23262864944812412, guid: f47ab5e5f3365524dada26af0e2be09f,
    type: 2}
  m_PrefabInternal: {fileID: 0}
  m_GameObject: {fileID: 513902130}
  m_Enabled: 1
  m_CastShadows: 1
  m_ReceiveShadows: 1
  m_DynamicOccludee: 1
  m_MotionVectors: 1
  m_LightProbeUsage: 1
  m_ReflectionProbeUsage: 1
  m_Materials:
  - {fileID: 2100000, guid: 23b0d1710cec3dc44827922d4cceaad1, type: 2}
  m_StaticBatchInfo:
    firstSubMesh: 0
    subMeshCount: 0
  m_StaticBatchRoot: {fileID: 0}
  m_ProbeAnchor: {fileID: 0}
  m_LightProbeVolumeOverride: {fileID: 0}
  m_ScaleInLightmap: 1
  m_PreserveUVs: 0
  m_IgnoreNormalsForChartDetection: 0
  m_ImportantGI: 0
  m_StitchLightmapSeams: 0
  m_SelectedEditorRenderState: 3
  m_MinimumChartSize: 4
  m_AutoUVMaxDistance: 0.5
  m_AutoUVMaxAngle: 89
  m_LightmapParameters: {fileID: 0}
  m_SortingLayerID: 0
  m_SortingLayer: 0
  m_SortingOrder: 0
--- !u!33 &513902133
MeshFilter:
  m_ObjectHideFlags: 0
  m_PrefabParentObject: {fileID: 33842265684782740, guid: f47ab5e5f3365524dada26af0e2be09f,
    type: 2}
  m_PrefabInternal: {fileID: 0}
  m_GameObject: {fileID: 513902130}
  m_Mesh: {fileID: 4300002, guid: 6617184d414599146a595f68c3651dfa, type: 3}
--- !u!1001 &587613101
Prefab:
  m_ObjectHideFlags: 0
  serializedVersion: 2
  m_Modification:
    m_TransformParent: {fileID: 200213826}
    m_Modifications:
    - target: {fileID: 4168516228200370, guid: f47ab5e5f3365524dada26af0e2be09f, type: 2}
      propertyPath: m_LocalPosition.x
      value: 0
      objectReference: {fileID: 0}
    - target: {fileID: 4168516228200370, guid: f47ab5e5f3365524dada26af0e2be09f, type: 2}
      propertyPath: m_LocalPosition.y
      value: 0
      objectReference: {fileID: 0}
    - target: {fileID: 4168516228200370, guid: f47ab5e5f3365524dada26af0e2be09f, type: 2}
      propertyPath: m_LocalPosition.z
      value: 0
      objectReference: {fileID: 0}
    - target: {fileID: 4168516228200370, guid: f47ab5e5f3365524dada26af0e2be09f, type: 2}
      propertyPath: m_LocalRotation.x
      value: 0
      objectReference: {fileID: 0}
    - target: {fileID: 4168516228200370, guid: f47ab5e5f3365524dada26af0e2be09f, type: 2}
      propertyPath: m_LocalRotation.y
      value: 0
      objectReference: {fileID: 0}
    - target: {fileID: 4168516228200370, guid: f47ab5e5f3365524dada26af0e2be09f, type: 2}
      propertyPath: m_LocalRotation.z
      value: 0
      objectReference: {fileID: 0}
    - target: {fileID: 4168516228200370, guid: f47ab5e5f3365524dada26af0e2be09f, type: 2}
      propertyPath: m_LocalRotation.w
      value: 1
      objectReference: {fileID: 0}
    - target: {fileID: 4168516228200370, guid: f47ab5e5f3365524dada26af0e2be09f, type: 2}
      propertyPath: m_RootOrder
      value: 1
      objectReference: {fileID: 0}
    - target: {fileID: 1716983933944324, guid: f47ab5e5f3365524dada26af0e2be09f, type: 2}
      propertyPath: m_IsActive
      value: 0
      objectReference: {fileID: 0}
    - target: {fileID: 1634379625630354, guid: f47ab5e5f3365524dada26af0e2be09f, type: 2}
      propertyPath: m_IsActive
      value: 0
      objectReference: {fileID: 0}
    - target: {fileID: 4158712352754198, guid: f47ab5e5f3365524dada26af0e2be09f, type: 2}
      propertyPath: m_RootOrder
      value: 4
      objectReference: {fileID: 0}
    - target: {fileID: 1202355103097946, guid: f47ab5e5f3365524dada26af0e2be09f, type: 2}
      propertyPath: m_IsActive
      value: 0
      objectReference: {fileID: 0}
    m_RemovedComponents: []
  m_ParentPrefab: {fileID: 100100000, guid: f47ab5e5f3365524dada26af0e2be09f, type: 2}
  m_IsPrefabParent: 0
--- !u!4 &587613102 stripped
Transform:
  m_PrefabParentObject: {fileID: 4332452472745120, guid: f47ab5e5f3365524dada26af0e2be09f,
    type: 2}
  m_PrefabInternal: {fileID: 587613101}
--- !u!1 &659904490
GameObject:
  m_ObjectHideFlags: 0
  m_PrefabParentObject: {fileID: 0}
  m_PrefabInternal: {fileID: 0}
  serializedVersion: 5
  m_Component:
  - component: {fileID: 659904491}
  - component: {fileID: 659904493}
  - component: {fileID: 659904492}
  m_Layer: 0
  m_Name: SceneManager
  m_TagString: Untagged
  m_Icon: {fileID: 0}
  m_NavMeshLayer: 0
  m_StaticEditorFlags: 0
  m_IsActive: 1
--- !u!4 &659904491
Transform:
  m_ObjectHideFlags: 0
  m_PrefabParentObject: {fileID: 0}
  m_PrefabInternal: {fileID: 0}
  m_GameObject: {fileID: 659904490}
  m_LocalRotation: {x: 0, y: 0, z: 0, w: 1}
  m_LocalPosition: {x: 0, y: 0, z: 0}
  m_LocalScale: {x: 1, y: 1, z: 1}
  m_Children: []
  m_Father: {fileID: 0}
  m_RootOrder: 4
  m_LocalEulerAnglesHint: {x: 0, y: 0, z: 0}
--- !u!114 &659904492
MonoBehaviour:
  m_ObjectHideFlags: 0
  m_PrefabParentObject: {fileID: 0}
  m_PrefabInternal: {fileID: 0}
  m_GameObject: {fileID: 659904490}
  m_Enabled: 1
  m_EditorHideFlags: 0
  m_Script: {fileID: 11500000, guid: 6750e19670dc1437ea3c2b26e8bbeb23, type: 3}
  m_Name: 
  m_EditorClassIdentifier: 
  sceneAnimator: {fileID: 346276861}
  zy2SceneState: {fileID: 346276860}
  wulitingCrtl: {fileID: 1339829079}
  parkCrtl: {fileID: 1752591869}
  hook: {fileID: 1207224457}
  sword: {fileID: 1560659557}
--- !u!114 &659904493
MonoBehaviour:
  m_ObjectHideFlags: 0
  m_PrefabParentObject: {fileID: 0}
  m_PrefabInternal: {fileID: 0}
  m_GameObject: {fileID: 659904490}
  m_Enabled: 1
  m_EditorHideFlags: 0
  m_Script: {fileID: 11500000, guid: 1c8e2f7d3598f3b45bd7b6a9dcd3abbf, type: 3}
  m_Name: 
  m_EditorClassIdentifier: 
  TextField: {fileID: 269035301}
--- !u!4 &853331027 stripped
Transform:
  m_PrefabParentObject: {fileID: 4889461554212100, guid: 8f02684677e596d4aac857e7390614cb,
    type: 2}
  m_PrefabInternal: {fileID: 2074859792}
--- !u!1 &955679915
GameObject:
  m_ObjectHideFlags: 0
  m_PrefabParentObject: {fileID: 1570701789891660, guid: 79a6200a9fe544dafa39997ee5806bc8,
    type: 2}
  m_PrefabInternal: {fileID: 0}
  serializedVersion: 5
  m_Component:
  - component: {fileID: 955679920}
  - component: {fileID: 955679916}
  - component: {fileID: 955679917}
  m_Layer: 0
  m_Name: Cable_end
  m_TagString: Untagged
  m_Icon: {fileID: 0}
  m_NavMeshLayer: 0
  m_StaticEditorFlags: 0
  m_IsActive: 1
--- !u!54 &955679916
Rigidbody:
  m_ObjectHideFlags: 0
  m_PrefabParentObject: {fileID: 0}
  m_PrefabInternal: {fileID: 0}
  m_GameObject: {fileID: 955679915}
  serializedVersion: 2
  m_Mass: 1
  m_Drag: 0.05
  m_AngularDrag: 0.05
  m_UseGravity: 1
  m_IsKinematic: 0
  m_Interpolate: 0
  m_Constraints: 0
  m_CollisionDetection: 0
--- !u!153 &955679917
ConfigurableJoint:
  m_ObjectHideFlags: 0
  m_PrefabParentObject: {fileID: 0}
  m_PrefabInternal: {fileID: 0}
  m_GameObject: {fileID: 955679915}
  m_ConnectedBody: {fileID: 1207224458}
  m_Anchor: {x: 0, y: 0, z: 0}
  m_Axis: {x: 1, y: 0, z: 0}
  m_AutoConfigureConnectedAnchor: 1
  m_ConnectedAnchor: {x: 0, y: 0.0001249183, z: -0.014500811}
  serializedVersion: 2
  m_SecondaryAxis: {x: 0, y: 1, z: 0}
  m_XMotion: 0
  m_YMotion: 0
  m_ZMotion: 0
  m_AngularXMotion: 2
  m_AngularYMotion: 2
  m_AngularZMotion: 2
  m_LinearLimitSpring:
    spring: 0
    damper: 0
  m_LinearLimit:
    limit: 0
    bounciness: 0
    contactDistance: 0
  m_AngularXLimitSpring:
    spring: 0
    damper: 0
  m_LowAngularXLimit:
    limit: 0
    bounciness: 0
    contactDistance: 0
  m_HighAngularXLimit:
    limit: 0
    bounciness: 0
    contactDistance: 0
  m_AngularYZLimitSpring:
    spring: 0
    damper: 0
  m_AngularYLimit:
    limit: 0
    bounciness: 0
    contactDistance: 0
  m_AngularZLimit:
    limit: 0
    bounciness: 0
    contactDistance: 0
  m_TargetPosition: {x: 0, y: 0, z: 0}
  m_TargetVelocity: {x: 0, y: 0, z: 0}
  m_XDrive:
    serializedVersion: 3
    positionSpring: 10
    positionDamper: 0
    maximumForce: 3.4028233e+38
  m_YDrive:
    serializedVersion: 3
    positionSpring: 10
    positionDamper: 0
    maximumForce: 3.4028233e+38
  m_ZDrive:
    serializedVersion: 3
    positionSpring: 10
    positionDamper: 0
    maximumForce: 3.4028233e+38
  m_TargetRotation: {x: 0, y: 0, z: 0, w: 1}
  m_TargetAngularVelocity: {x: 0, y: 0, z: 0}
  m_RotationDriveMode: 0
  m_AngularXDrive:
    serializedVersion: 3
    positionSpring: 50
    positionDamper: 0
    maximumForce: 3.4028233e+38
  m_AngularYZDrive:
    serializedVersion: 3
    positionSpring: 50
    positionDamper: 0
    maximumForce: 3.4028233e+38
  m_SlerpDrive:
    serializedVersion: 3
    positionSpring: 0
    positionDamper: 0
    maximumForce: 3.4028233e+38
  m_ProjectionMode: 0
  m_ProjectionDistance: 0.1
  m_ProjectionAngle: 180
  m_ConfiguredInWorldSpace: 0
  m_SwapBodies: 0
  m_BreakForce: Infinity
  m_BreakTorque: Infinity
  m_EnableCollision: 0
  m_EnablePreprocessing: 1
  m_MassScale: 1
  m_ConnectedMassScale: 1
--- !u!4 &955679920
Transform:
  m_ObjectHideFlags: 0
  m_PrefabParentObject: {fileID: 4919544396475276, guid: 79a6200a9fe544dafa39997ee5806bc8,
    type: 2}
  m_PrefabInternal: {fileID: 0}
  m_GameObject: {fileID: 955679915}
  m_LocalRotation: {x: -0.7071068, y: -0, z: -0, w: 0.7071068}
  m_LocalPosition: {x: 0, y: 0, z: 1.6179972}
  m_LocalScale: {x: 16, y: 16, z: 20}
  m_Children: []
  m_Father: {fileID: 468932968}
  m_RootOrder: 1
  m_LocalEulerAnglesHint: {x: 0, y: 0, z: 0}
--- !u!1001 &1102232281
Prefab:
  m_ObjectHideFlags: 0
  serializedVersion: 2
  m_Modification:
    m_TransformParent: {fileID: 0}
    m_Modifications:
    - target: {fileID: 4875760489487244, guid: 9819408315faf45b8a125cb6b8ec2aa1, type: 2}
      propertyPath: m_LocalPosition.x
      value: 0
      objectReference: {fileID: 0}
    - target: {fileID: 4875760489487244, guid: 9819408315faf45b8a125cb6b8ec2aa1, type: 2}
      propertyPath: m_LocalPosition.y
      value: 0
      objectReference: {fileID: 0}
    - target: {fileID: 4875760489487244, guid: 9819408315faf45b8a125cb6b8ec2aa1, type: 2}
      propertyPath: m_LocalPosition.z
      value: 0
      objectReference: {fileID: 0}
    - target: {fileID: 4875760489487244, guid: 9819408315faf45b8a125cb6b8ec2aa1, type: 2}
      propertyPath: m_LocalRotation.x
      value: -0
      objectReference: {fileID: 0}
    - target: {fileID: 4875760489487244, guid: 9819408315faf45b8a125cb6b8ec2aa1, type: 2}
      propertyPath: m_LocalRotation.y
      value: -0
      objectReference: {fileID: 0}
    - target: {fileID: 4875760489487244, guid: 9819408315faf45b8a125cb6b8ec2aa1, type: 2}
      propertyPath: m_LocalRotation.z
      value: -0
      objectReference: {fileID: 0}
    - target: {fileID: 4875760489487244, guid: 9819408315faf45b8a125cb6b8ec2aa1, type: 2}
      propertyPath: m_LocalRotation.w
      value: 1
      objectReference: {fileID: 0}
    - target: {fileID: 4875760489487244, guid: 9819408315faf45b8a125cb6b8ec2aa1, type: 2}
      propertyPath: m_RootOrder
      value: 7
      objectReference: {fileID: 0}
    m_RemovedComponents: []
  m_ParentPrefab: {fileID: 100100000, guid: 9819408315faf45b8a125cb6b8ec2aa1, type: 2}
  m_IsPrefabParent: 0
--- !u!114 &1107620947 stripped
MonoBehaviour:
  m_PrefabParentObject: {fileID: 114957115508328648, guid: 81c9ccc704afc0449a1ba096dd7411d1,
    type: 2}
  m_PrefabInternal: {fileID: 1505211118}
  m_Script: {fileID: 11500000, guid: 8a13ce241158e44ed9a665d4bfdc283f, type: 3}
--- !u!114 &1199862612
MonoBehaviour:
  m_ObjectHideFlags: 0
  m_PrefabParentObject: {fileID: 114636877942620418, guid: 8ecfb59df50314c488c3cff8043f9bb1,
    type: 2}
  m_PrefabInternal: {fileID: 0}
  m_GameObject: {fileID: 200213822}
  m_Enabled: 1
  m_EditorHideFlags: 0
  m_Script: {fileID: 11500000, guid: 8a13ce241158e44ed9a665d4bfdc283f, type: 3}
  m_Name: 
  m_EditorClassIdentifier: 
  NodeType: 7
  PeripheralName: 
--- !u!1001 &1207224456
Prefab:
  m_ObjectHideFlags: 0
  serializedVersion: 2
  m_Modification:
    m_TransformParent: {fileID: 468932968}
    m_Modifications:
    - target: {fileID: 400000, guid: 0864e133e7f17435e82908c4b513d563, type: 3}
      propertyPath: m_LocalPosition.x
      value: 0
      objectReference: {fileID: 0}
    - target: {fileID: 400000, guid: 0864e133e7f17435e82908c4b513d563, type: 3}
      propertyPath: m_LocalPosition.y
      value: 0.2900219
      objectReference: {fileID: 0}
    - target: {fileID: 400000, guid: 0864e133e7f17435e82908c4b513d563, type: 3}
      propertyPath: m_LocalPosition.z
      value: 1.6199971
      objectReference: {fileID: 0}
    - target: {fileID: 400000, guid: 0864e133e7f17435e82908c4b513d563, type: 3}
      propertyPath: m_LocalRotation.x
      value: -0.7071068
      objectReference: {fileID: 0}
    - target: {fileID: 400000, guid: 0864e133e7f17435e82908c4b513d563, type: 3}
      propertyPath: m_LocalRotation.y
      value: -0
      objectReference: {fileID: 0}
    - target: {fileID: 400000, guid: 0864e133e7f17435e82908c4b513d563, type: 3}
      propertyPath: m_LocalRotation.z
      value: -0
      objectReference: {fileID: 0}
    - target: {fileID: 400000, guid: 0864e133e7f17435e82908c4b513d563, type: 3}
      propertyPath: m_LocalRotation.w
      value: 0.7071068
      objectReference: {fileID: 0}
    - target: {fileID: 400000, guid: 0864e133e7f17435e82908c4b513d563, type: 3}
      propertyPath: m_RootOrder
      value: 0
      objectReference: {fileID: 0}
    - target: {fileID: 2300000, guid: 0864e133e7f17435e82908c4b513d563, type: 3}
      propertyPath: m_Materials.Array.data[0]
      value: 
      objectReference: {fileID: 2100000, guid: b1d7ee32368024b35b4e0f60839e03de, type: 2}
    - target: {fileID: 400000, guid: 0864e133e7f17435e82908c4b513d563, type: 3}
      propertyPath: m_LocalScale.y
      value: 16
      objectReference: {fileID: 0}
    - target: {fileID: 400000, guid: 0864e133e7f17435e82908c4b513d563, type: 3}
      propertyPath: m_LocalScale.z
      value: 20
      objectReference: {fileID: 0}
    - target: {fileID: 100000, guid: 0864e133e7f17435e82908c4b513d563, type: 3}
      propertyPath: m_IsActive
      value: 1
      objectReference: {fileID: 0}
    - target: {fileID: 400000, guid: 0864e133e7f17435e82908c4b513d563, type: 3}
      propertyPath: m_LocalScale.x
      value: 16
      objectReference: {fileID: 0}
    m_RemovedComponents:
    - {fileID: 9500000, guid: 0864e133e7f17435e82908c4b513d563, type: 3}
  m_ParentPrefab: {fileID: 100100000, guid: 0864e133e7f17435e82908c4b513d563, type: 3}
  m_IsPrefabParent: 0
--- !u!1 &1207224457 stripped
GameObject:
  m_PrefabParentObject: {fileID: 100000, guid: 0864e133e7f17435e82908c4b513d563, type: 3}
  m_PrefabInternal: {fileID: 1207224456}
--- !u!54 &1207224458
Rigidbody:
  m_ObjectHideFlags: 0
  m_PrefabParentObject: {fileID: 0}
  m_PrefabInternal: {fileID: 0}
  m_GameObject: {fileID: 1207224457}
  serializedVersion: 2
  m_Mass: 1
  m_Drag: 0
  m_AngularDrag: 0.05
  m_UseGravity: 1
  m_IsKinematic: 0
  m_Interpolate: 0
  m_Constraints: 0
  m_CollisionDetection: 0
--- !u!65 &1207224459
BoxCollider:
  m_ObjectHideFlags: 0
  m_PrefabParentObject: {fileID: 0}
  m_PrefabInternal: {fileID: 0}
  m_GameObject: {fileID: 1207224457}
  m_Material: {fileID: 0}
  m_IsTrigger: 0
  m_Enabled: 1
  serializedVersion: 2
  m_Size: {x: 0.079692625, y: 0.15453443, z: 0.020000009}
  m_Center: {x: 0.0045390017, y: -0.07726732, z: 0.00000023841858}
--- !u!4 &1207224461 stripped
Transform:
  m_PrefabParentObject: {fileID: 400000, guid: 0864e133e7f17435e82908c4b513d563, type: 3}
  m_PrefabInternal: {fileID: 1207224456}
--- !u!1001 &1328825848
Prefab:
  m_ObjectHideFlags: 0
  serializedVersion: 2
  m_Modification:
    m_TransformParent: {fileID: 0}
    m_Modifications:
    - target: {fileID: 4792752461662870, guid: f633b2ff944d9504fa05fc9afbcdf25e, type: 2}
      propertyPath: m_LocalPosition.x
      value: 0
      objectReference: {fileID: 0}
    - target: {fileID: 4792752461662870, guid: f633b2ff944d9504fa05fc9afbcdf25e, type: 2}
      propertyPath: m_LocalPosition.y
      value: 1
      objectReference: {fileID: 0}
    - target: {fileID: 4792752461662870, guid: f633b2ff944d9504fa05fc9afbcdf25e, type: 2}
      propertyPath: m_LocalPosition.z
      value: 0
      objectReference: {fileID: 0}
    - target: {fileID: 4792752461662870, guid: f633b2ff944d9504fa05fc9afbcdf25e, type: 2}
      propertyPath: m_LocalRotation.x
      value: -0
      objectReference: {fileID: 0}
    - target: {fileID: 4792752461662870, guid: f633b2ff944d9504fa05fc9afbcdf25e, type: 2}
      propertyPath: m_LocalRotation.y
      value: -0
      objectReference: {fileID: 0}
    - target: {fileID: 4792752461662870, guid: f633b2ff944d9504fa05fc9afbcdf25e, type: 2}
      propertyPath: m_LocalRotation.z
      value: -0
      objectReference: {fileID: 0}
    - target: {fileID: 4792752461662870, guid: f633b2ff944d9504fa05fc9afbcdf25e, type: 2}
      propertyPath: m_LocalRotation.w
      value: 1
      objectReference: {fileID: 0}
    - target: {fileID: 4792752461662870, guid: f633b2ff944d9504fa05fc9afbcdf25e, type: 2}
      propertyPath: m_RootOrder
      value: 0
      objectReference: {fileID: 0}
    - target: {fileID: 1895715886498790, guid: f633b2ff944d9504fa05fc9afbcdf25e, type: 2}
      propertyPath: m_Name
      value: VisionPlayer_3D
      objectReference: {fileID: 0}
    - target: {fileID: 114727635247992870, guid: f633b2ff944d9504fa05fc9afbcdf25e,
        type: 2}
      propertyPath: TrackedNodes.Array.data[0]
      value: 
      objectReference: {fileID: 1199862612}
    - target: {fileID: 114727635247992870, guid: f633b2ff944d9504fa05fc9afbcdf25e,
        type: 2}
      propertyPath: TrackedNodes.Array.data[1]
      value: 
      objectReference: {fileID: 2074859794}
    - target: {fileID: 114727635247992870, guid: f633b2ff944d9504fa05fc9afbcdf25e,
        type: 2}
      propertyPath: TrackedNodes.Array.data[2]
      value: 
      objectReference: {fileID: 1107620947}
    - target: {fileID: 114727635247992870, guid: f633b2ff944d9504fa05fc9afbcdf25e,
        type: 2}
      propertyPath: TrackedNodes.Array.data[3]
      value: 
      objectReference: {fileID: 2066717132}
    - target: {fileID: 114637424772044108, guid: f633b2ff944d9504fa05fc9afbcdf25e,
        type: 2}
      propertyPath: mMirageARLogger
      value: 
      objectReference: {fileID: 659904493}
    m_RemovedComponents: []
  m_ParentPrefab: {fileID: 100100000, guid: f633b2ff944d9504fa05fc9afbcdf25e, type: 2}
  m_IsPrefabParent: 0
--- !u!1 &1339829079
GameObject:
  m_ObjectHideFlags: 0
  m_PrefabParentObject: {fileID: 1672233512997608, guid: f47ab5e5f3365524dada26af0e2be09f,
    type: 2}
  m_PrefabInternal: {fileID: 0}
  serializedVersion: 5
  m_Component:
  - component: {fileID: 1339829080}
  - component: {fileID: 1339829081}
  - component: {fileID: 1339829082}
  m_Layer: 0
  m_Name: fans
  m_TagString: Untagged
  m_Icon: {fileID: 0}
  m_NavMeshLayer: 0
  m_StaticEditorFlags: 0
  m_IsActive: 0
--- !u!4 &1339829080
Transform:
  m_ObjectHideFlags: 0
  m_PrefabParentObject: {fileID: 4598293496796504, guid: f47ab5e5f3365524dada26af0e2be09f,
    type: 2}
  m_PrefabInternal: {fileID: 0}
  m_GameObject: {fileID: 1339829079}
  m_LocalRotation: {x: 0, y: -0.7071068, z: 0, w: 0.7071068}
  m_LocalPosition: {x: 0, y: 0, z: 0}
  m_LocalScale: {x: 1, y: 1, z: 1}
  m_Children:
  - {fileID: 513902131}
  - {fileID: 71647685}
  - {fileID: 169711141}
  - {fileID: 494508724}
  - {fileID: 451940824}
  - {fileID: 370350244}
  m_Father: {fileID: 157409776}
  m_RootOrder: 0
  m_LocalEulerAnglesHint: {x: 0, y: -90.00001, z: 0}
--- !u!95 &1339829081
Animator:
  serializedVersion: 3
  m_ObjectHideFlags: 0
  m_PrefabParentObject: {fileID: 95394387709108674, guid: f47ab5e5f3365524dada26af0e2be09f,
    type: 2}
  m_PrefabInternal: {fileID: 0}
  m_GameObject: {fileID: 1339829079}
  m_Enabled: 1
  m_Avatar: {fileID: 9000000, guid: 6617184d414599146a595f68c3651dfa, type: 3}
  m_Controller: {fileID: 0}
  m_CullingMode: 0
  m_UpdateMode: 0
  m_ApplyRootMotion: 0
  m_LinearVelocityBlending: 0
  m_WarningMessage: 
  m_HasTransformHierarchy: 1
  m_AllowConstantClipSamplingOptimization: 1
--- !u!114 &1339829082
MonoBehaviour:
  m_ObjectHideFlags: 0
  m_PrefabParentObject: {fileID: 0}
  m_PrefabInternal: {fileID: 0}
  m_GameObject: {fileID: 1339829079}
  m_Enabled: 1
  m_EditorHideFlags: 0
  m_Script: {fileID: 11500000, guid: 450a5798d56ee49a998f3afa065d5a70, type: 3}
  m_Name: 
  m_EditorClassIdentifier: 
  fog: {fileID: 1929235797}
  anchor: {fileID: 587613102}
  tornado: {fileID: 100000, guid: 352304b7fbe11f445970df6ae36e6227, type: 2}
--- !u!1 &1456604573
GameObject:
  m_ObjectHideFlags: 0
  m_PrefabParentObject: {fileID: 0}
  m_PrefabInternal: {fileID: 0}
  serializedVersion: 5
  m_Component:
  - component: {fileID: 1456604574}
  m_Layer: 0
  m_Name: Start
  m_TagString: Untagged
  m_Icon: {fileID: -3701561207968579530, guid: 0000000000000000d000000000000000, type: 0}
  m_NavMeshLayer: 0
  m_StaticEditorFlags: 0
  m_IsActive: 1
--- !u!4 &1456604574
Transform:
  m_ObjectHideFlags: 0
  m_PrefabParentObject: {fileID: 0}
  m_PrefabInternal: {fileID: 0}
  m_GameObject: {fileID: 1456604573}
  m_LocalRotation: {x: -0, y: -0, z: -0, w: 1}
  m_LocalPosition: {x: 0, y: 0.059, z: 0}
  m_LocalScale: {x: 1, y: 1, z: 1}
  m_Children: []
  m_Father: {fileID: 1560659558}
  m_RootOrder: 0
  m_LocalEulerAnglesHint: {x: 0, y: 0, z: 0}
--- !u!1001 &1505211118
Prefab:
  m_ObjectHideFlags: 0
  serializedVersion: 2
  m_Modification:
    m_TransformParent: {fileID: 0}
    m_Modifications:
    - target: {fileID: 4715508921118362, guid: 81c9ccc704afc0449a1ba096dd7411d1, type: 2}
      propertyPath: m_LocalPosition.x
      value: 0
      objectReference: {fileID: 0}
    - target: {fileID: 4715508921118362, guid: 81c9ccc704afc0449a1ba096dd7411d1, type: 2}
      propertyPath: m_LocalPosition.y
      value: 1.08
      objectReference: {fileID: 0}
    - target: {fileID: 4715508921118362, guid: 81c9ccc704afc0449a1ba096dd7411d1, type: 2}
      propertyPath: m_LocalPosition.z
      value: 0
      objectReference: {fileID: 0}
    - target: {fileID: 4715508921118362, guid: 81c9ccc704afc0449a1ba096dd7411d1, type: 2}
      propertyPath: m_LocalRotation.x
      value: 0
      objectReference: {fileID: 0}
    - target: {fileID: 4715508921118362, guid: 81c9ccc704afc0449a1ba096dd7411d1, type: 2}
      propertyPath: m_LocalRotation.y
      value: 0
      objectReference: {fileID: 0}
    - target: {fileID: 4715508921118362, guid: 81c9ccc704afc0449a1ba096dd7411d1, type: 2}
      propertyPath: m_LocalRotation.z
      value: 0
      objectReference: {fileID: 0}
    - target: {fileID: 4715508921118362, guid: 81c9ccc704afc0449a1ba096dd7411d1, type: 2}
      propertyPath: m_LocalRotation.w
      value: 1
      objectReference: {fileID: 0}
    - target: {fileID: 4715508921118362, guid: 81c9ccc704afc0449a1ba096dd7411d1, type: 2}
      propertyPath: m_RootOrder
      value: 5
      objectReference: {fileID: 0}
    - target: {fileID: 1105038275994124, guid: 81c9ccc704afc0449a1ba096dd7411d1, type: 2}
      propertyPath: m_IsActive
      value: 0
      objectReference: {fileID: 0}
    - target: {fileID: 114451999945658096, guid: 81c9ccc704afc0449a1ba096dd7411d1,
        type: 2}
      propertyPath: m_Text
      value: Output Input Info
      objectReference: {fileID: 0}
    - target: {fileID: 224814150104245064, guid: 81c9ccc704afc0449a1ba096dd7411d1,
        type: 2}
      propertyPath: m_RootOrder
      value: 0
      objectReference: {fileID: 0}
    - target: {fileID: 224069241131587116, guid: 81c9ccc704afc0449a1ba096dd7411d1,
        type: 2}
      propertyPath: m_RootOrder
      value: 1
      objectReference: {fileID: 0}
    - target: {fileID: 224794664856295526, guid: 81c9ccc704afc0449a1ba096dd7411d1,
        type: 2}
      propertyPath: m_LocalPosition.x
      value: 0
      objectReference: {fileID: 0}
    - target: {fileID: 224794664856295526, guid: 81c9ccc704afc0449a1ba096dd7411d1,
        type: 2}
      propertyPath: m_LocalPosition.y
      value: 0
      objectReference: {fileID: 0}
    m_RemovedComponents: []
  m_ParentPrefab: {fileID: 100100000, guid: 81c9ccc704afc0449a1ba096dd7411d1, type: 2}
  m_IsPrefabParent: 0
--- !u!1 &1560659557
GameObject:
  m_ObjectHideFlags: 0
  m_PrefabParentObject: {fileID: 0}
  m_PrefabInternal: {fileID: 0}
  serializedVersion: 5
  m_Component:
  - component: {fileID: 1560659558}
  - component: {fileID: 1560659562}
  - component: {fileID: 1560659561}
  - component: {fileID: 1560659560}
  - component: {fileID: 1560659559}
  - component: {fileID: 1560659564}
  - component: {fileID: 1560659563}
  m_Layer: 0
  m_Name: wooden sword
  m_TagString: Untagged
  m_Icon: {fileID: 0}
  m_NavMeshLayer: 0
  m_StaticEditorFlags: 0
  m_IsActive: 0
--- !u!4 &1560659558
Transform:
  m_ObjectHideFlags: 0
  m_PrefabParentObject: {fileID: 0}
  m_PrefabInternal: {fileID: 0}
  m_GameObject: {fileID: 1560659557}
  m_LocalRotation: {x: 0.5, y: -0.5, z: -0.5, w: 0.5}
  m_LocalPosition: {x: 0, y: 0, z: -0.0669}
  m_LocalScale: {x: 1, y: 1, z: 1}
  m_Children:
  - {fileID: 1456604574}
  - {fileID: 230358682}
  m_Father: {fileID: 157409776}
  m_RootOrder: 3
  m_LocalEulerAnglesHint: {x: 180, y: 90, z: 90}
--- !u!114 &1560659559
MonoBehaviour:
  m_ObjectHideFlags: 0
  m_PrefabParentObject: {fileID: 0}
  m_PrefabInternal: {fileID: 0}
  m_GameObject: {fileID: 1560659557}
  m_Enabled: 1
  m_EditorHideFlags: 0
  m_Script: {fileID: 11500000, guid: d5ceb339997c8304e9354d4ce5ddc9da, type: 3}
  m_Name: 
  m_EditorClassIdentifier: 
  _emit: 1
  _emitTime: 0
  _material: {fileID: 2100000, guid: e762f9da005162f4b9f9dd39c592cea8, type: 2}
  _lifeTime: 0.5
  _colors: []
  _sizes: []
  _minVertexDistance: 0.1
  _maxVertexDistance: 10
  _maxAngle: 3
  _autoDestruct: 0
  subdivisions: 10
  _base: {fileID: 1456604574}
  _tip: {fileID: 230358682}
--- !u!95 &1560659560
Animator:
  serializedVersion: 3
  m_ObjectHideFlags: 0
  m_PrefabParentObject: {fileID: 0}
  m_PrefabInternal: {fileID: 0}
  m_GameObject: {fileID: 1560659557}
  m_Enabled: 1
  m_Avatar: {fileID: 9000000, guid: 61fee3e1d89e4ee45a1c1f0ff8580baf, type: 3}
  m_Controller: {fileID: 0}
  m_CullingMode: 0
  m_UpdateMode: 0
  m_ApplyRootMotion: 0
  m_LinearVelocityBlending: 0
  m_WarningMessage: 
  m_HasTransformHierarchy: 1
  m_AllowConstantClipSamplingOptimization: 1
--- !u!23 &1560659561
MeshRenderer:
  m_ObjectHideFlags: 0
  m_PrefabParentObject: {fileID: 0}
  m_PrefabInternal: {fileID: 0}
  m_GameObject: {fileID: 1560659557}
  m_Enabled: 1
  m_CastShadows: 1
  m_ReceiveShadows: 1
  m_DynamicOccludee: 1
  m_MotionVectors: 1
  m_LightProbeUsage: 1
  m_ReflectionProbeUsage: 1
  m_Materials:
  - {fileID: 2100000, guid: cb256c8dc32e9dc4dac88e45fb703cbd, type: 2}
  m_StaticBatchInfo:
    firstSubMesh: 0
    subMeshCount: 0
  m_StaticBatchRoot: {fileID: 0}
  m_ProbeAnchor: {fileID: 0}
  m_LightProbeVolumeOverride: {fileID: 0}
  m_ScaleInLightmap: 1
  m_PreserveUVs: 0
  m_IgnoreNormalsForChartDetection: 0
  m_ImportantGI: 0
  m_StitchLightmapSeams: 0
  m_SelectedEditorRenderState: 3
  m_MinimumChartSize: 4
  m_AutoUVMaxDistance: 0.5
  m_AutoUVMaxAngle: 89
  m_LightmapParameters: {fileID: 0}
  m_SortingLayerID: 0
  m_SortingLayer: 0
  m_SortingOrder: 0
--- !u!33 &1560659562
MeshFilter:
  m_ObjectHideFlags: 0
  m_PrefabParentObject: {fileID: 0}
  m_PrefabInternal: {fileID: 0}
  m_GameObject: {fileID: 1560659557}
  m_Mesh: {fileID: 4300000, guid: a26bfc17963efba4ca62d49eaf55c380, type: 3}
--- !u!114 &1560659563
MonoBehaviour:
  m_ObjectHideFlags: 0
  m_PrefabParentObject: {fileID: 0}
  m_PrefabInternal: {fileID: 0}
  m_GameObject: {fileID: 1560659557}
  m_Enabled: 1
  m_EditorHideFlags: 0
  m_Script: {fileID: 11500000, guid: 068d9a7b7d2e3417c844a43087215a01, type: 3}
  m_Name: 
  m_EditorClassIdentifier: 
  hitParticle: {fileID: 1315372007585700, guid: 6c549b258cb758045bf1e77c6db999bc,
    type: 2}
--- !u!65 &1560659564
BoxCollider:
  m_ObjectHideFlags: 0
  m_PrefabParentObject: {fileID: 0}
  m_PrefabInternal: {fileID: 0}
  m_GameObject: {fileID: 1560659557}
  m_Material: {fileID: 0}
  m_IsTrigger: 1
  m_Enabled: 1
  serializedVersion: 2
  m_Size: {x: 0.017347999, y: 2, z: 0.06206504}
  m_Center: {x: 0, y: 1.07, z: 0}
--- !u!1 &1741625341
GameObject:
  m_ObjectHideFlags: 0
  m_PrefabParentObject: {fileID: 0}
  m_PrefabInternal: {fileID: 0}
  serializedVersion: 5
  m_Component:
  - component: {fileID: 1741625342}
  - component: {fileID: 1741625345}
  - component: {fileID: 1741625344}
  - component: {fileID: 1741625343}
  m_Layer: 0
  m_Name: Plane
  m_TagString: Untagged
  m_Icon: {fileID: 0}
  m_NavMeshLayer: 0
  m_StaticEditorFlags: 0
  m_IsActive: 0
--- !u!4 &1741625342
Transform:
  m_ObjectHideFlags: 0
  m_PrefabParentObject: {fileID: 0}
  m_PrefabInternal: {fileID: 0}
  m_GameObject: {fileID: 1741625341}
  m_LocalRotation: {x: -0, y: -0, z: -0, w: 1}
  m_LocalPosition: {x: 0, y: 0, z: 0}
  m_LocalScale: {x: 100, y: 10, z: 100}
  m_Children: []
  m_Father: {fileID: 200213826}
  m_RootOrder: 0
  m_LocalEulerAnglesHint: {x: 0, y: 0, z: 0}
--- !u!23 &1741625343
MeshRenderer:
  m_ObjectHideFlags: 0
  m_PrefabParentObject: {fileID: 0}
  m_PrefabInternal: {fileID: 0}
  m_GameObject: {fileID: 1741625341}
  m_Enabled: 1
  m_CastShadows: 1
  m_ReceiveShadows: 1
  m_DynamicOccludee: 1
  m_MotionVectors: 1
  m_LightProbeUsage: 1
  m_ReflectionProbeUsage: 1
  m_Materials:
  - {fileID: 2100000, guid: 0d485f188655a4eddb2837a5c56603b3, type: 2}
  m_StaticBatchInfo:
    firstSubMesh: 0
    subMeshCount: 0
  m_StaticBatchRoot: {fileID: 0}
  m_ProbeAnchor: {fileID: 0}
  m_LightProbeVolumeOverride: {fileID: 0}
  m_ScaleInLightmap: 1
  m_PreserveUVs: 1
  m_IgnoreNormalsForChartDetection: 0
  m_ImportantGI: 0
  m_StitchLightmapSeams: 0
  m_SelectedEditorRenderState: 3
  m_MinimumChartSize: 4
  m_AutoUVMaxDistance: 0.5
  m_AutoUVMaxAngle: 89
  m_LightmapParameters: {fileID: 0}
  m_SortingLayerID: 0
  m_SortingLayer: 0
  m_SortingOrder: 0
--- !u!64 &1741625344
MeshCollider:
  m_ObjectHideFlags: 0
  m_PrefabParentObject: {fileID: 0}
  m_PrefabInternal: {fileID: 0}
  m_GameObject: {fileID: 1741625341}
  m_Material: {fileID: 0}
  m_IsTrigger: 0
  m_Enabled: 1
  serializedVersion: 2
  m_Convex: 0
  m_InflateMesh: 0
  m_SkinWidth: 0.01
  m_Mesh: {fileID: 10209, guid: 0000000000000000e000000000000000, type: 0}
--- !u!33 &1741625345
MeshFilter:
  m_ObjectHideFlags: 0
  m_PrefabParentObject: {fileID: 0}
  m_PrefabInternal: {fileID: 0}
  m_GameObject: {fileID: 1741625341}
  m_Mesh: {fileID: 10209, guid: 0000000000000000e000000000000000, type: 0}
--- !u!1 &1752591869 stripped
GameObject:
  m_PrefabParentObject: {fileID: 1268856818291678, guid: 5ad84412e28f9422984577ae9c5a74b1,
    type: 2}
  m_PrefabInternal: {fileID: 320115479}
--- !u!114 &1752591870
MonoBehaviour:
  m_ObjectHideFlags: 0
  m_PrefabParentObject: {fileID: 0}
  m_PrefabInternal: {fileID: 0}
  m_GameObject: {fileID: 1752591869}
  m_Enabled: 1
  m_EditorHideFlags: 0
  m_Script: {fileID: 11500000, guid: 048418669f0574c2dba1af2ebda34233, type: 3}
  m_Name: 
  m_EditorClassIdentifier: 
  crtlLight: {fileID: 853331027}
  rodSpringObj: {fileID: 405293894}
  hook: {fileID: 1207224461}
  hat: {fileID: 396243466}
  power: 12
  spinningPhysics: {fileID: 487833134}
--- !u!1001 &1818692048
Prefab:
  m_ObjectHideFlags: 0
  serializedVersion: 2
  m_Modification:
    m_TransformParent: {fileID: 0}
    m_Modifications:
    - target: {fileID: 4723191351132496, guid: dbbb1654cf0d50e4b91d065f81182e9f, type: 2}
      propertyPath: m_LocalPosition.x
      value: 0
      objectReference: {fileID: 0}
    - target: {fileID: 4723191351132496, guid: dbbb1654cf0d50e4b91d065f81182e9f, type: 2}
      propertyPath: m_LocalPosition.y
      value: 0
      objectReference: {fileID: 0}
    - target: {fileID: 4723191351132496, guid: dbbb1654cf0d50e4b91d065f81182e9f, type: 2}
      propertyPath: m_LocalPosition.z
      value: 0
      objectReference: {fileID: 0}
    - target: {fileID: 4723191351132496, guid: dbbb1654cf0d50e4b91d065f81182e9f, type: 2}
      propertyPath: m_LocalRotation.x
      value: 0
      objectReference: {fileID: 0}
    - target: {fileID: 4723191351132496, guid: dbbb1654cf0d50e4b91d065f81182e9f, type: 2}
      propertyPath: m_LocalRotation.y
      value: 0
      objectReference: {fileID: 0}
    - target: {fileID: 4723191351132496, guid: dbbb1654cf0d50e4b91d065f81182e9f, type: 2}
      propertyPath: m_LocalRotation.z
      value: 0
      objectReference: {fileID: 0}
    - target: {fileID: 4723191351132496, guid: dbbb1654cf0d50e4b91d065f81182e9f, type: 2}
      propertyPath: m_LocalRotation.w
      value: 1
      objectReference: {fileID: 0}
    - target: {fileID: 4723191351132496, guid: dbbb1654cf0d50e4b91d065f81182e9f, type: 2}
      propertyPath: m_RootOrder
      value: 1
      objectReference: {fileID: 0}
    - target: {fileID: 1550672815146186, guid: dbbb1654cf0d50e4b91d065f81182e9f, type: 2}
      propertyPath: m_Name
      value: EventSystem
      objectReference: {fileID: 0}
    m_RemovedComponents: []
  m_ParentPrefab: {fileID: 100100000, guid: dbbb1654cf0d50e4b91d065f81182e9f, type: 2}
  m_IsPrefabParent: 0
--- !u!1 &1914762065
GameObject:
  m_ObjectHideFlags: 0
  m_PrefabParentObject: {fileID: 0}
  m_PrefabInternal: {fileID: 0}
  serializedVersion: 5
  m_Component:
  - component: {fileID: 1914762066}
  m_Layer: 0
  m_Name: End
  m_TagString: Untagged
  m_Icon: {fileID: 4660412927644837186, guid: 0000000000000000d000000000000000, type: 0}
  m_NavMeshLayer: 0
  m_StaticEditorFlags: 0
  m_IsActive: 1
--- !u!4 &1914762066
Transform:
  m_ObjectHideFlags: 0
  m_PrefabParentObject: {fileID: 0}
  m_PrefabInternal: {fileID: 0}
  m_GameObject: {fileID: 1914762065}
  m_LocalRotation: {x: 0, y: 0, z: 0, w: 1}
  m_LocalPosition: {x: 0, y: 0, z: 0.518}
  m_LocalScale: {x: 1, y: 1, z: 1}
  m_Children: []
  m_Father: {fileID: 405293894}
  m_RootOrder: 0
  m_LocalEulerAnglesHint: {x: 0, y: 0, z: 0}
--- !u!198 &1929235797 stripped
ParticleSystem:
  m_PrefabParentObject: {fileID: 198139044683176822, guid: f47ab5e5f3365524dada26af0e2be09f,
    type: 2}
  m_PrefabInternal: {fileID: 587613101}
--- !u!4 &2065712294 stripped
Transform:
  m_PrefabParentObject: {fileID: 4903247277921278, guid: f47ab5e5f3365524dada26af0e2be09f,
    type: 2}
  m_PrefabInternal: {fileID: 587613101}
--- !u!114 &2066717132 stripped
MonoBehaviour:
  m_PrefabParentObject: {fileID: 114152937981396552, guid: b75d39fb59e3ce94eba8d6870551ec92,
    type: 2}
  m_PrefabInternal: {fileID: 13596587}
  m_Script: {fileID: 11500000, guid: 8a13ce241158e44ed9a665d4bfdc283f, type: 3}
--- !u!1001 &2074859792
Prefab:
  m_ObjectHideFlags: 0
  serializedVersion: 2
  m_Modification:
    m_TransformParent: {fileID: 0}
    m_Modifications:
    - target: {fileID: 4315042803220356, guid: 8f02684677e596d4aac857e7390614cb, type: 2}
      propertyPath: m_LocalPosition.x
      value: 0
      objectReference: {fileID: 0}
    - target: {fileID: 4315042803220356, guid: 8f02684677e596d4aac857e7390614cb, type: 2}
      propertyPath: m_LocalPosition.y
      value: 0.5
      objectReference: {fileID: 0}
    - target: {fileID: 4315042803220356, guid: 8f02684677e596d4aac857e7390614cb, type: 2}
      propertyPath: m_LocalPosition.z
      value: 0
      objectReference: {fileID: 0}
    - target: {fileID: 4315042803220356, guid: 8f02684677e596d4aac857e7390614cb, type: 2}
      propertyPath: m_LocalRotation.x
      value: 0
      objectReference: {fileID: 0}
    - target: {fileID: 4315042803220356, guid: 8f02684677e596d4aac857e7390614cb, type: 2}
      propertyPath: m_LocalRotation.y
      value: 0
      objectReference: {fileID: 0}
    - target: {fileID: 4315042803220356, guid: 8f02684677e596d4aac857e7390614cb, type: 2}
      propertyPath: m_LocalRotation.z
      value: 0
      objectReference: {fileID: 0}
    - target: {fileID: 4315042803220356, guid: 8f02684677e596d4aac857e7390614cb, type: 2}
      propertyPath: m_LocalRotation.w
      value: 1
      objectReference: {fileID: 0}
    - target: {fileID: 4315042803220356, guid: 8f02684677e596d4aac857e7390614cb, type: 2}
      propertyPath: m_RootOrder
      value: 3
      objectReference: {fileID: 0}
    - target: {fileID: 4512911715194544, guid: 8f02684677e596d4aac857e7390614cb, type: 2}
      propertyPath: m_RootOrder
      value: 2
      objectReference: {fileID: 0}
    - target: {fileID: 1387165267176028, guid: 8f02684677e596d4aac857e7390614cb, type: 2}
      propertyPath: m_IsActive
      value: 0
      objectReference: {fileID: 0}
    - target: {fileID: 1254919581687280, guid: 8f02684677e596d4aac857e7390614cb, type: 2}
      propertyPath: m_TagString
      value: Player
      objectReference: {fileID: 0}
    m_RemovedComponents: []
  m_ParentPrefab: {fileID: 100100000, guid: 8f02684677e596d4aac857e7390614cb, type: 2}
  m_IsPrefabParent: 0
--- !u!114 &2074859794 stripped
MonoBehaviour:
  m_PrefabParentObject: {fileID: 114967261509387640, guid: 8f02684677e596d4aac857e7390614cb,
    type: 2}
  m_PrefabInternal: {fileID: 2074859792}
  m_Script: {fileID: 11500000, guid: 8a13ce241158e44ed9a665d4bfdc283f, type: 3}
--- !u!4 &2099807900 stripped
Transform:
  m_PrefabParentObject: {fileID: 4119927771391386, guid: 5ad84412e28f9422984577ae9c5a74b1,
    type: 2}
  m_PrefabInternal: {fileID: 320115479}
